<?xml version="1.0" encoding="UTF-8"?>
<alto xmlns="http://www.loc.gov/standards/alto/ns-v2#" xmlns:xsi="http://www.w3.org/2001/XMLSchema-instance" xsi:schemaLocation="http://www.loc.gov/standards/alto/ns-v2# http://www.loc.gov/standards/alto/alto.xsd">
  <Description>
    <MeasurementUnit>pixel</MeasurementUnit>
    <sourceImageInformation>
      <fileName>b22371321_abbyy.xml</fileName>
    </sourceImageInformation>
    <OCRProcessing ID="OCR_1">
      <preProcessingStep>
        <processingDateTime>2015-10-31T03:55:19</processingDateTime>
        <processingAgency>intranda GmbH, www.intranda.com</processingAgency>
        <processingSoftware>
          <softwareCreator>intranda GmbH, Germany</softwareCreator>
          <softwareName>intranda OCR Module for TaskManager</softwareName>
          <softwareVersion>1.0r42</softwareVersion>
        </processingSoftware>
      </preProcessingStep>
      <ocrProcessingStep>
        <processingSoftware>
          <softwareCreator>ABBYY (BIT Software), Russia</softwareCreator>
          <softwareName>FineReader Engine</softwareName>
          <softwareVersion>10</softwareVersion>
        </processingSoftware>
      </ocrProcessingStep>
    </OCRProcessing>
  </Description>
  <Layout>
    <Page PHYSICAL_IMG_NR="28" ID="PAGE_28" WIDTH="2287" HEIGHT="3957">
      <TopMargin ID="TopMargin_1" HPOS="1138" VPOS="189" WIDTH="68" HEIGHT="50">
        <TextBlock ID="TextBlock_74" HPOS="1138" VPOS="189" WIDTH="68" HEIGHT="50">
          <TextLine ID="TextLine_1074" HPOS="1138" VPOS="189" WIDTH="68" HEIGHT="50">
            <String ID="Word_11358" HPOS="1138" VPOS="189" WIDTH="68" HEIGHT="50" CONTENT="26" />
          </TextLine>
        </TextBlock>
      </TopMargin>
      <PrintSpace ID="PrintSpace_29" HPOS="168" VPOS="312" WIDTH="2002" HEIGHT="3478">
        <TextBlock ID="TextBlock_73" HPOS="168" VPOS="312" WIDTH="2002" HEIGHT="3478">
          <TextLine ID="TextLine_1075" HPOS="183" VPOS="322" WIDTH="1967" HEIGHT="78">
            <String ID="Word_11359" HPOS="183" VPOS="325" WIDTH="205" HEIGHT="66" CONTENT="wished," />
            <SP ID="SP_10285" HPOS="389" VPOS="344" WIDTH="54" HEIGHT="0" />
            <String ID="Word_11360" HPOS="444" VPOS="344" WIDTH="64" HEIGHT="34" CONTENT="on" />
            <SP ID="SP_10286" HPOS="509" VPOS="330" WIDTH="40" HEIGHT="0" />
            <String ID="Word_11361" HPOS="550" VPOS="330" WIDTH="88" HEIGHT="48" CONTENT="the" />
            <SP ID="SP_10287" HPOS="639" VPOS="344" WIDTH="40" HEIGHT="0" />
            <String ID="Word_11362" HPOS="680" VPOS="324" WIDTH="145" HEIGHT="54" CONTENT="other" />
            <SP ID="SP_10288" HPOS="826" VPOS="324" WIDTH="49" HEIGHT="0" />
            <String ID="Word_11363" HPOS="876" VPOS="324" WIDTH="156" HEIGHT="67" CONTENT="hand," />
            <SP ID="SP_10289" HPOS="1033" VPOS="330" WIDTH="50" HEIGHT="0" />
            <String ID="Word_11364" HPOS="1084" VPOS="330" WIDTH="54" HEIGHT="48" CONTENT="to" />
            <SP ID="SP_10290" HPOS="1139" VPOS="343" WIDTH="51" HEIGHT="0" />
            <String ID="Word_11365" HPOS="1191" VPOS="322" WIDTH="243" HEIGHT="56" CONTENT="establish" />
            <SP ID="SP_10291" HPOS="1435" VPOS="323" WIDTH="49" HEIGHT="0" />
            <String ID="Word_11366" HPOS="1485" VPOS="327" WIDTH="115" HEIGHT="50" CONTENT="was'" />
            <SP ID="SP_10292" HPOS="1601" VPOS="327" WIDTH="25" HEIGHT="0" />
            <String ID="Word_11367" HPOS="1627" VPOS="344" WIDTH="29" HEIGHT="34" CONTENT="a" />
            <SP ID="SP_10293" HPOS="1657" VPOS="323" WIDTH="37" HEIGHT="0" />
            <String ID="Word_11368" HPOS="1695" VPOS="323" WIDTH="171" HEIGHT="74" CONTENT="happy" />
            <SP ID="SP_10294" HPOS="1867" VPOS="343" WIDTH="39" HEIGHT="0" />
            <String ID="Word_11369" HPOS="1907" VPOS="327" WIDTH="243" HEIGHT="56" CONTENT="marriage" />
          </TextLine>
          <TextLine ID="TextLine_1076" HPOS="183" VPOS="398" WIDTH="1971" HEIGHT="75">
            <String ID="Word_11370" HPOS="183" VPOS="399" WIDTH="229" HEIGHT="54" CONTENT="between" />
            <SP ID="SP_10295" HPOS="413" VPOS="420" WIDTH="38" HEIGHT="0" />
            <String ID="Word_11371" HPOS="452" VPOS="399" WIDTH="142" HEIGHT="54" CONTENT="mind" />
            <SP ID="SP_10296" HPOS="595" VPOS="399" WIDTH="43" HEIGHT="0" />
            <String ID="Word_11372" HPOS="639" VPOS="400" WIDTH="101" HEIGHT="52" CONTENT="and" />
            <SP ID="SP_10297" HPOS="741" VPOS="400" WIDTH="41" HEIGHT="0" />
            <String ID="Word_11373" HPOS="783" VPOS="405" WIDTH="200" HEIGHT="60" CONTENT="matter," />
            <SP ID="SP_10298" HPOS="984" VPOS="399" WIDTH="41" HEIGHT="0" />
            <String ID="Word_11374" HPOS="1026" VPOS="399" WIDTH="228" HEIGHT="53" CONTENT="between" />
            <SP ID="SP_10299" HPOS="1255" VPOS="418" WIDTH="38" HEIGHT="0" />
            <String ID="Word_11375" HPOS="1294" VPOS="398" WIDTH="198" HEIGHT="72" CONTENT="subject" />
            <SP ID="SP_10300" HPOS="1493" VPOS="404" WIDTH="34" HEIGHT="0" />
            <String ID="Word_11376" HPOS="1528" VPOS="398" WIDTH="100" HEIGHT="54" CONTENT="and" />
            <SP ID="SP_10301" HPOS="1629" VPOS="398" WIDTH="25" HEIGHT="0" />
            <String ID="Word_11377" HPOS="1655" VPOS="399" WIDTH="184" HEIGHT="72" CONTENT="object," />
            <SP ID="SP_10302" HPOS="1840" VPOS="406" WIDTH="28" HEIGHT="0" />
            <String ID="Word_11378" HPOS="1869" VPOS="406" WIDTH="52" HEIGHT="48" CONTENT="to" />
            <SP ID="SP_10303" HPOS="1922" VPOS="421" WIDTH="26" HEIGHT="0" />
            <String ID="Word_11379" HPOS="1949" VPOS="411" WIDTH="205" HEIGHT="62" CONTENT="prevent" />
          </TextLine>
          <TextLine ID="TextLine_1077" HPOS="181" VPOS="473" WIDTH="1972" HEIGHT="76">
            <String ID="Word_11380" HPOS="181" VPOS="479" WIDTH="91" HEIGHT="49" CONTENT="the" />
            <SP ID="SP_10304" HPOS="273" VPOS="479" WIDTH="26" HEIGHT="0" />
            <String ID="Word_11381" HPOS="300" VPOS="473" WIDTH="184" HEIGHT="54" CONTENT="“mind" />
            <SP ID="SP_10305" HPOS="485" VPOS="474" WIDTH="23" HEIGHT="0" />
            <String ID="Word_11382" HPOS="509" VPOS="474" WIDTH="151" HEIGHT="71" CONTENT="being" />
            <SP ID="SP_10306" HPOS="661" VPOS="494" WIDTH="23" HEIGHT="0" />
            <String ID="Word_11383" HPOS="685" VPOS="474" WIDTH="299" HEIGHT="53" CONTENT="withdrawn" />
            <SP ID="SP_10307" HPOS="985" VPOS="474" WIDTH="39" HEIGHT="0" />
            <String ID="Word_11384" HPOS="1025" VPOS="474" WIDTH="132" HEIGHT="53" CONTENT="from" />
            <SP ID="SP_10308" HPOS="1158" VPOS="480" WIDTH="39" HEIGHT="0" />
            <String ID="Word_11385" HPOS="1198" VPOS="474" WIDTH="175" HEIGHT="52" CONTENT="things" />
            <SP ID="SP_10309" HPOS="1374" VPOS="473" WIDTH="44" HEIGHT="0" />
            <String ID="Word_11386" HPOS="1419" VPOS="473" WIDTH="179" HEIGHT="54" CONTENT="longer" />
            <SP ID="SP_10310" HPOS="1599" VPOS="479" WIDTH="24" HEIGHT="0" />
            <String ID="Word_11387" HPOS="1624" VPOS="479" WIDTH="125" HEIGHT="48" CONTENT="than" />
            <SP ID="SP_10311" HPOS="1750" VPOS="494" WIDTH="23" HEIGHT="0" />
            <String ID="Word_11388" HPOS="1774" VPOS="494" WIDTH="100" HEIGHT="33" CONTENT="was" />
            <SP ID="SP_10312" HPOS="1875" VPOS="494" WIDTH="25" HEIGHT="0" />
            <String ID="Word_11389" HPOS="1901" VPOS="495" WIDTH="252" HEIGHT="54" CONTENT="necessary" />
          </TextLine>
          <TextLine ID="TextLine_1078" HPOS="181" VPOS="548" WIDTH="1970" HEIGHT="74">
            <String ID="Word_11390" HPOS="181" VPOS="554" WIDTH="56" HEIGHT="48" CONTENT="to" />
            <SP ID="SP_10313" HPOS="238" VPOS="549" WIDTH="26" HEIGHT="0" />
            <String ID="Word_11391" HPOS="265" VPOS="549" WIDTH="152" HEIGHT="71" CONTENT="bring" />
            <SP ID="SP_10314" HPOS="418" VPOS="550" WIDTH="24" HEIGHT="0" />
            <String ID="Word_11392" HPOS="443" VPOS="550" WIDTH="106" HEIGHT="51" CONTENT="into" />
            <SP ID="SP_10315" HPOS="550" VPOS="569" WIDTH="27" HEIGHT="0" />
            <String ID="Word_11393" HPOS="578" VPOS="569" WIDTH="28" HEIGHT="33" CONTENT="a" />
            <SP ID="SP_10316" HPOS="607" VPOS="550" WIDTH="22" HEIGHT="0" />
            <String ID="Word_11394" HPOS="630" VPOS="550" WIDTH="327" HEIGHT="51" CONTENT="harmonious" />
            <SP ID="SP_10317" HPOS="958" VPOS="568" WIDTH="42" HEIGHT="0" />
            <String ID="Word_11395" HPOS="1001" VPOS="548" WIDTH="329" HEIGHT="72" CONTENT="conjunction" />
            <SP ID="SP_10318" HPOS="1331" VPOS="554" WIDTH="38" HEIGHT="0" />
            <String ID="Word_11396" HPOS="1370" VPOS="548" WIDTH="88" HEIGHT="53" CONTENT="the" />
            <SP ID="SP_10319" HPOS="1459" VPOS="549" WIDTH="41" HEIGHT="0" />
            <String ID="Word_11397" HPOS="1501" VPOS="549" WIDTH="136" HEIGHT="52" CONTENT="ideas" />
            <SP ID="SP_10320" HPOS="1638" VPOS="568" WIDTH="39" HEIGHT="0" />
            <String ID="Word_11398" HPOS="1678" VPOS="548" WIDTH="101" HEIGHT="53" CONTENT="and" />
            <SP ID="SP_10321" HPOS="1780" VPOS="548" WIDTH="32" HEIGHT="0" />
            <String ID="Word_11399" HPOS="1813" VPOS="549" WIDTH="86" HEIGHT="53" CONTENT="the" />
            <SP ID="SP_10322" HPOS="1900" VPOS="550" WIDTH="45" HEIGHT="0" />
            <String ID="Word_11400" HPOS="1946" VPOS="550" WIDTH="205" HEIGHT="54" CONTENT="impres-" />
          </TextLine>
          <TextLine ID="TextLine_1079" HPOS="185" VPOS="623" WIDTH="1968" HEIGHT="73">
            <String ID="Word_11401" HPOS="185" VPOS="624" WIDTH="139" HEIGHT="53" CONTENT="sions" />
            <SP ID="SP_10323" HPOS="325" VPOS="643" WIDTH="26" HEIGHT="0" />
            <String ID="Word_11402" HPOS="352" VPOS="643" WIDTH="147" HEIGHT="34" CONTENT="made" />
            <SP ID="SP_10324" HPOS="500" VPOS="644" WIDTH="25" HEIGHT="0" />
            <String ID="Word_11403" HPOS="526" VPOS="643" WIDTH="140" HEIGHT="33" CONTENT="upon" />
            <SP ID="SP_10325" HPOS="667" VPOS="629" WIDTH="24" HEIGHT="0" />
            <String ID="Word_11404" HPOS="692" VPOS="629" WIDTH="89" HEIGHT="47" CONTENT="the" />
            <SP ID="SP_10326" HPOS="782" VPOS="642" WIDTH="19" HEIGHT="0" />
            <String ID="Word_11405" HPOS="802" VPOS="623" WIDTH="265" HEIGHT="53" CONTENT="senses.'”*" />
            <SP ID="SP_10327" HPOS="1068" VPOS="623" WIDTH="73" HEIGHT="0" />
            <String ID="Word_11406" HPOS="1142" VPOS="623" WIDTH="118" HEIGHT="65" CONTENT="For," />
            <SP ID="SP_10328" HPOS="1261" VPOS="643" WIDTH="41" HEIGHT="0" />
            <String ID="Word_11407" HPOS="1303" VPOS="642" WIDTH="53" HEIGHT="34" CONTENT="as" />
            <SP ID="SP_10329" HPOS="1357" VPOS="623" WIDTH="37" HEIGHT="0" />
            <String ID="Word_11408" HPOS="1395" VPOS="623" WIDTH="64" HEIGHT="53" CONTENT="he" />
            <SP ID="SP_10330" HPOS="1460" VPOS="642" WIDTH="26" HEIGHT="0" />
            <String ID="Word_11409" HPOS="1487" VPOS="642" WIDTH="130" HEIGHT="52" CONTENT="says," />
            <SP ID="SP_10331" HPOS="1618" VPOS="628" WIDTH="28" HEIGHT="0" />
            <String ID="Word_11410" HPOS="1647" VPOS="628" WIDTH="87" HEIGHT="48" CONTENT="the" />
            <SP ID="SP_10332" HPOS="1735" VPOS="628" WIDTH="22" HEIGHT="0" />
            <String ID="Word_11411" HPOS="1758" VPOS="628" WIDTH="273" HEIGHT="68" CONTENT="testimony" />
            <SP ID="SP_10333" HPOS="2032" VPOS="645" WIDTH="26" HEIGHT="0" />
            <String ID="Word_11412" HPOS="2059" VPOS="625" WIDTH="94" HEIGHT="54" CONTENT="and" />
          </TextLine>
          <TextLine ID="TextLine_1080" HPOS="181" VPOS="697" WIDTH="1971" HEIGHT="72">
            <String ID="Word_11413" HPOS="181" VPOS="697" WIDTH="332" HEIGHT="54" CONTENT="information" />
            <SP ID="SP_10334" HPOS="514" VPOS="717" WIDTH="25" HEIGHT="0" />
            <String ID="Word_11414" HPOS="540" VPOS="699" WIDTH="54" HEIGHT="52" CONTENT="of" />
            <SP ID="SP_10335" HPOS="595" VPOS="699" WIDTH="32" HEIGHT="0" />
            <String ID="Word_11415" HPOS="628" VPOS="704" WIDTH="90" HEIGHT="47" CONTENT="the" />
            <SP ID="SP_10336" HPOS="719" VPOS="717" WIDTH="43" HEIGHT="0" />
            <String ID="Word_11416" HPOS="763" VPOS="717" WIDTH="170" HEIGHT="34" CONTENT="senses" />
            <SP ID="SP_10337" HPOS="934" VPOS="698" WIDTH="41" HEIGHT="0" />
            <String ID="Word_11417" HPOS="976" VPOS="698" WIDTH="90" HEIGHT="52" CONTENT="has" />
            <SP ID="SP_10338" HPOS="1067" VPOS="717" WIDTH="43" HEIGHT="0" />
            <String ID="Word_11418" HPOS="1111" VPOS="697" WIDTH="250" HEIGHT="53" CONTENT="reference" />
            <SP ID="SP_10339" HPOS="1362" VPOS="716" WIDTH="42" HEIGHT="0" />
            <String ID="Word_11419" HPOS="1405" VPOS="698" WIDTH="183" HEIGHT="53" CONTENT="always" />
            <SP ID="SP_10340" HPOS="1589" VPOS="702" WIDTH="38" HEIGHT="0" />
            <String ID="Word_11420" HPOS="1628" VPOS="702" WIDTH="55" HEIGHT="49" CONTENT="to" />
            <SP ID="SP_10341" HPOS="1684" VPOS="717" WIDTH="25" HEIGHT="0" />
            <String ID="Word_11421" HPOS="1710" VPOS="717" WIDTH="135" HEIGHT="46" CONTENT="man," />
            <SP ID="SP_10342" HPOS="1846" VPOS="718" WIDTH="26" HEIGHT="0" />
            <String ID="Word_11422" HPOS="1873" VPOS="704" WIDTH="92" HEIGHT="47" CONTENT="not" />
            <SP ID="SP_10343" HPOS="1966" VPOS="704" WIDTH="23" HEIGHT="0" />
            <String ID="Word_11423" HPOS="1990" VPOS="705" WIDTH="53" HEIGHT="47" CONTENT="to" />
            <SP ID="SP_10344" HPOS="2044" VPOS="705" WIDTH="24" HEIGHT="0" />
            <String ID="Word_11424" HPOS="2069" VPOS="700" WIDTH="83" HEIGHT="53" CONTENT="the" />
          </TextLine>
          <TextLine ID="TextLine_1081" HPOS="181" VPOS="772" WIDTH="1973" HEIGHT="71">
            <String ID="Word_11425" HPOS="181" VPOS="792" WIDTH="265" HEIGHT="48" CONTENT="universe;" />
            <SP ID="SP_10345" HPOS="447" VPOS="793" WIDTH="40" HEIGHT="0" />
            <String ID="Word_11426" HPOS="488" VPOS="772" WIDTH="99" HEIGHT="54" CONTENT="and" />
            <SP ID="SP_10346" HPOS="588" VPOS="772" WIDTH="42" HEIGHT="0" />
            <String ID="Word_11427" HPOS="631" VPOS="773" WIDTH="42" HEIGHT="52" CONTENT="it" />
            <SP ID="SP_10347" HPOS="674" VPOS="772" WIDTH="38" HEIGHT="0" />
            <String ID="Word_11428" HPOS="713" VPOS="772" WIDTH="41" HEIGHT="53" CONTENT="is" />
            <SP ID="SP_10348" HPOS="755" VPOS="792" WIDTH="27" HEIGHT="0" />
            <String ID="Word_11429" HPOS="783" VPOS="793" WIDTH="28" HEIGHT="33" CONTENT="a" />
            <SP ID="SP_10349" HPOS="812" VPOS="792" WIDTH="24" HEIGHT="0" />
            <String ID="Word_11430" HPOS="837" VPOS="777" WIDTH="143" HEIGHT="66" CONTENT="great" />
            <SP ID="SP_10350" HPOS="981" VPOS="777" WIDTH="38" HEIGHT="0" />
            <String ID="Word_11431" HPOS="1020" VPOS="791" WIDTH="153" HEIGHT="46" CONTENT="error," />
            <SP ID="SP_10351" HPOS="1174" VPOS="777" WIDTH="25" HEIGHT="0" />
            <String ID="Word_11432" HPOS="1200" VPOS="772" WIDTH="267" HEIGHT="65" CONTENT="therefore," />
            <SP ID="SP_10352" HPOS="1468" VPOS="777" WIDTH="27" HEIGHT="0" />
            <String ID="Word_11433" HPOS="1496" VPOS="777" WIDTH="54" HEIGHT="48" CONTENT="to" />
            <SP ID="SP_10353" HPOS="1551" VPOS="791" WIDTH="28" HEIGHT="0" />
            <String ID="Word_11434" HPOS="1580" VPOS="777" WIDTH="158" HEIGHT="48" CONTENT="assert" />
            <SP ID="SP_10354" HPOS="1739" VPOS="777" WIDTH="24" HEIGHT="0" />
            <String ID="Word_11435" HPOS="1764" VPOS="778" WIDTH="114" HEIGHT="47" CONTENT="that" />
            <SP ID="SP_10355" HPOS="1879" VPOS="778" WIDTH="23" HEIGHT="0" />
            <String ID="Word_11436" HPOS="1903" VPOS="779" WIDTH="87" HEIGHT="48" CONTENT="the" />
            <SP ID="SP_10356" HPOS="1991" VPOS="793" WIDTH="24" HEIGHT="0" />
            <String ID="Word_11437" HPOS="2016" VPOS="793" WIDTH="138" HEIGHT="35" CONTENT="sense" />
          </TextLine>
          <TextLine ID="TextLine_1082" HPOS="180" VPOS="846" WIDTH="1974" HEIGHT="72">
            <String ID="Word_11438" HPOS="180" VPOS="847" WIDTH="43" HEIGHT="52" CONTENT="is" />
            <SP ID="SP_10357" HPOS="224" VPOS="852" WIDTH="26" HEIGHT="0" />
            <String ID="Word_11439" HPOS="251" VPOS="852" WIDTH="87" HEIGHT="47" CONTENT="the" />
            <SP ID="SP_10358" HPOS="339" VPOS="866" WIDTH="24" HEIGHT="0" />
            <String ID="Word_11440" HPOS="364" VPOS="866" WIDTH="228" HEIGHT="34" CONTENT="measure" />
            <SP ID="SP_10359" HPOS="593" VPOS="866" WIDTH="27" HEIGHT="0" />
            <String ID="Word_11441" HPOS="621" VPOS="848" WIDTH="55" HEIGHT="52" CONTENT="of" />
            <SP ID="SP_10360" HPOS="677" VPOS="848" WIDTH="31" HEIGHT="0" />
            <String ID="Word_11442" HPOS="709" VPOS="847" WIDTH="193" HEIGHT="71" CONTENT="things." />
            <SP ID="SP_10361" HPOS="903" VPOS="847" WIDTH="76" HEIGHT="0" />
            <String ID="Word_11443" HPOS="980" VPOS="847" WIDTH="109" HEIGHT="53" CONTENT="But" />
            <SP ID="SP_10362" HPOS="1090" VPOS="846" WIDTH="38" HEIGHT="0" />
            <String ID="Word_11444" HPOS="1129" VPOS="846" WIDTH="67" HEIGHT="72" CONTENT="by" />
            <SP ID="SP_10363" HPOS="1197" VPOS="847" WIDTH="24" HEIGHT="0" />
            <String ID="Word_11445" HPOS="1222" VPOS="847" WIDTH="79" HEIGHT="52" CONTENT="his" />
            <SP ID="SP_10364" HPOS="1302" VPOS="866" WIDTH="39" HEIGHT="0" />
            <String ID="Word_11446" HPOS="1342" VPOS="846" WIDTH="209" HEIGHT="54" CONTENT="method" />
            <SP ID="SP_10365" HPOS="1552" VPOS="846" WIDTH="24" HEIGHT="0" />
            <String ID="Word_11447" HPOS="1577" VPOS="847" WIDTH="56" HEIGHT="52" CONTENT="of" />
            <SP ID="SP_10366" HPOS="1634" VPOS="847" WIDTH="33" HEIGHT="0" />
            <String ID="Word_11448" HPOS="1668" VPOS="847" WIDTH="249" HEIGHT="71" CONTENT="effecting," />
            <SP ID="SP_10367" HPOS="1918" VPOS="867" WIDTH="26" HEIGHT="0" />
            <String ID="Word_11449" HPOS="1945" VPOS="867" WIDTH="53" HEIGHT="33" CONTENT="as" />
            <SP ID="SP_10368" HPOS="1999" VPOS="867" WIDTH="25" HEIGHT="0" />
            <String ID="Word_11450" HPOS="2025" VPOS="867" WIDTH="129" HEIGHT="35" CONTENT="com-" />
          </TextLine>
          <TextLine ID="TextLine_1083" HPOS="182" VPOS="921" WIDTH="1974" HEIGHT="73">
            <String ID="Word_11451" HPOS="182" VPOS="921" WIDTH="185" HEIGHT="72" CONTENT="pletely" />
            <SP ID="SP_10369" HPOS="368" VPOS="942" WIDTH="41" HEIGHT="0" />
            <String ID="Word_11452" HPOS="410" VPOS="942" WIDTH="53" HEIGHT="32" CONTENT="as" />
            <SP ID="SP_10370" HPOS="464" VPOS="942" WIDTH="50" HEIGHT="0" />
            <String ID="Word_11453" HPOS="515" VPOS="921" WIDTH="236" HEIGHT="72" CONTENT="possible," />
            <SP ID="SP_10371" HPOS="752" VPOS="942" WIDTH="53" HEIGHT="0" />
            <String ID="Word_11454" HPOS="806" VPOS="942" WIDTH="28" HEIGHT="33" CONTENT="a" />
            <SP ID="SP_10372" HPOS="835" VPOS="942" WIDTH="49" HEIGHT="0" />
            <String ID="Word_11455" HPOS="885" VPOS="921" WIDTH="380" HEIGHT="54" CONTENT="reconciliation" />
            <SP ID="SP_10373" HPOS="1266" VPOS="921" WIDTH="48" HEIGHT="0" />
            <String ID="Word_11456" HPOS="1315" VPOS="921" WIDTH="230" HEIGHT="54" CONTENT="between" />
            <SP ID="SP_10374" HPOS="1546" VPOS="926" WIDTH="47" HEIGHT="0" />
            <String ID="Word_11457" HPOS="1594" VPOS="926" WIDTH="88" HEIGHT="48" CONTENT="the" />
            <SP ID="SP_10375" HPOS="1683" VPOS="941" WIDTH="50" HEIGHT="0" />
            <String ID="Word_11458" HPOS="1734" VPOS="921" WIDTH="278" HEIGHT="73" CONTENT="subjective" />
            <SP ID="SP_10376" HPOS="2013" VPOS="941" WIDTH="48" HEIGHT="0" />
            <String ID="Word_11459" HPOS="2062" VPOS="923" WIDTH="94" HEIGHT="53" CONTENT="and" />
          </TextLine>
          <TextLine ID="TextLine_1084" HPOS="182" VPOS="995" WIDTH="1975" HEIGHT="73">
            <String ID="Word_11460" HPOS="182" VPOS="995" WIDTH="262" HEIGHT="72" CONTENT="objective," />
            <SP ID="SP_10377" HPOS="445" VPOS="997" WIDTH="28" HEIGHT="0" />
            <String ID="Word_11461" HPOS="474" VPOS="997" WIDTH="64" HEIGHT="52" CONTENT="he" />
            <SP ID="SP_10378" HPOS="539" VPOS="997" WIDTH="24" HEIGHT="0" />
            <String ID="Word_11462" HPOS="564" VPOS="996" WIDTH="166" HEIGHT="53" CONTENT="hoped" />
            <SP ID="SP_10379" HPOS="731" VPOS="996" WIDTH="25" HEIGHT="0" />
            <String ID="Word_11463" HPOS="757" VPOS="1001" WIDTH="53" HEIGHT="48" CONTENT="to" />
            <SP ID="SP_10380" HPOS="811" VPOS="996" WIDTH="25" HEIGHT="0" />
            <String ID="Word_11464" HPOS="837" VPOS="996" WIDTH="127" HEIGHT="53" CONTENT="have" />
            <SP ID="SP_10381" HPOS="965" VPOS="1001" WIDTH="44" HEIGHT="0" />
            <String ID="Word_11465" HPOS="1010" VPOS="1001" WIDTH="34" HEIGHT="23" CONTENT="“" />
            <SP ID="SP_10382" HPOS="1045" VPOS="1001" WIDTH="14" HEIGHT="0" />
            <String ID="Word_11466" HPOS="1060" VPOS="995" WIDTH="308" HEIGHT="54" CONTENT="established" />
            <SP ID="SP_10383" HPOS="1369" VPOS="996" WIDTH="36" HEIGHT="0" />
            <String ID="Word_11467" HPOS="1406" VPOS="996" WIDTH="78" HEIGHT="53" CONTENT="for" />
            <SP ID="SP_10384" HPOS="1485" VPOS="1015" WIDTH="38" HEIGHT="0" />
            <String ID="Word_11468" HPOS="1524" VPOS="1015" WIDTH="115" HEIGHT="34" CONTENT="ever" />
            <SP ID="SP_10385" HPOS="1640" VPOS="1016" WIDTH="25" HEIGHT="0" />
            <String ID="Word_11469" HPOS="1666" VPOS="1016" WIDTH="28" HEIGHT="33" CONTENT="a" />
            <SP ID="SP_10386" HPOS="1695" VPOS="1001" WIDTH="23" HEIGHT="0" />
            <String ID="Word_11470" HPOS="1719" VPOS="1001" WIDTH="114" HEIGHT="49" CONTENT="true" />
            <SP ID="SP_10387" HPOS="1834" VPOS="1016" WIDTH="34" HEIGHT="0" />
            <String ID="Word_11471" HPOS="1869" VPOS="997" WIDTH="100" HEIGHT="52" CONTENT="and" />
            <SP ID="SP_10388" HPOS="1970" VPOS="997" WIDTH="23" HEIGHT="0" />
            <String ID="Word_11472" HPOS="1994" VPOS="997" WIDTH="163" HEIGHT="54" CONTENT="lawful" />
          </TextLine>
          <TextLine ID="TextLine_1085" HPOS="181" VPOS="1070" WIDTH="1974" HEIGHT="72">
            <String ID="Word_11473" HPOS="181" VPOS="1070" WIDTH="249" HEIGHT="71" CONTENT="marriage" />
            <SP ID="SP_10389" HPOS="431" VPOS="1070" WIDTH="31" HEIGHT="0" />
            <String ID="Word_11474" HPOS="463" VPOS="1070" WIDTH="224" HEIGHT="54" CONTENT="between" />
            <SP ID="SP_10390" HPOS="688" VPOS="1077" WIDTH="36" HEIGHT="0" />
            <String ID="Word_11475" HPOS="725" VPOS="1077" WIDTH="89" HEIGHT="47" CONTENT="the" />
            <SP ID="SP_10391" HPOS="815" VPOS="1090" WIDTH="38" HEIGHT="0" />
            <String ID="Word_11476" HPOS="854" VPOS="1070" WIDTH="256" HEIGHT="54" CONTENT="empirical" />
            <SP ID="SP_10392" HPOS="1111" VPOS="1070" WIDTH="25" HEIGHT="0" />
            <String ID="Word_11477" HPOS="1137" VPOS="1070" WIDTH="100" HEIGHT="54" CONTENT="and" />
            <SP ID="SP_10393" HPOS="1238" VPOS="1070" WIDTH="24" HEIGHT="0" />
            <String ID="Word_11478" HPOS="1263" VPOS="1076" WIDTH="87" HEIGHT="48" CONTENT="the" />
            <SP ID="SP_10394" HPOS="1351" VPOS="1090" WIDTH="25" HEIGHT="0" />
            <String ID="Word_11479" HPOS="1377" VPOS="1070" WIDTH="214" HEIGHT="53" CONTENT="rational" />
            <SP ID="SP_10395" HPOS="1592" VPOS="1070" WIDTH="24" HEIGHT="0" />
            <String ID="Word_11480" HPOS="1617" VPOS="1071" WIDTH="207" HEIGHT="71" CONTENT="faculty," />
            <SP ID="SP_10396" HPOS="1825" VPOS="1077" WIDTH="20" HEIGHT="0" />
            <String ID="Word_11481" HPOS="1846" VPOS="1077" WIDTH="88" HEIGHT="48" CONTENT="the" />
            <SP ID="SP_10397" HPOS="1935" VPOS="1091" WIDTH="25" HEIGHT="0" />
            <String ID="Word_11482" HPOS="1961" VPOS="1071" WIDTH="194" HEIGHT="54" CONTENT="unkind" />
          </TextLine>
          <TextLine ID="TextLine_1086" HPOS="184" VPOS="1144" WIDTH="1972" HEIGHT="73">
            <String ID="Word_11483" HPOS="184" VPOS="1144" WIDTH="101" HEIGHT="53" CONTENT="and" />
            <SP ID="SP_10398" HPOS="286" VPOS="1144" WIDTH="46" HEIGHT="0" />
            <String ID="Word_11484" HPOS="333" VPOS="1145" WIDTH="276" HEIGHT="53" CONTENT="ill-starred" />
            <SP ID="SP_10399" HPOS="610" VPOS="1145" WIDTH="41" HEIGHT="0" />
            <String ID="Word_11485" HPOS="652" VPOS="1146" WIDTH="198" HEIGHT="52" CONTENT="divorce" />
            <SP ID="SP_10400" HPOS="851" VPOS="1165" WIDTH="43" HEIGHT="0" />
            <String ID="Word_11486" HPOS="895" VPOS="1145" WIDTH="101" HEIGHT="53" CONTENT="and" />
            <SP ID="SP_10401" HPOS="997" VPOS="1145" WIDTH="44" HEIGHT="0" />
            <String ID="Word_11487" HPOS="1042" VPOS="1151" WIDTH="287" HEIGHT="66" CONTENT="separation" />
            <SP ID="SP_10402" HPOS="1330" VPOS="1165" WIDTH="44" HEIGHT="0" />
            <String ID="Word_11488" HPOS="1375" VPOS="1145" WIDTH="55" HEIGHT="54" CONTENT="of" />
            <SP ID="SP_10403" HPOS="1431" VPOS="1145" WIDTH="49" HEIGHT="0" />
            <String ID="Word_11489" HPOS="1481" VPOS="1145" WIDTH="166" HEIGHT="53" CONTENT="which" />
            <SP ID="SP_10404" HPOS="1648" VPOS="1145" WIDTH="43" HEIGHT="0" />
            <String ID="Word_11490" HPOS="1692" VPOS="1146" WIDTH="89" HEIGHT="52" CONTENT="has" />
            <SP ID="SP_10405" HPOS="1782" VPOS="1151" WIDTH="45" HEIGHT="0" />
            <String ID="Word_11491" HPOS="1828" VPOS="1146" WIDTH="200" HEIGHT="53" CONTENT="thrown" />
            <SP ID="SP_10406" HPOS="2029" VPOS="1146" WIDTH="24" HEIGHT="0" />
            <String ID="Word_11492" HPOS="2054" VPOS="1146" WIDTH="102" HEIGHT="54" CONTENT="into" />
          </TextLine>
          <TextLine ID="TextLine_1087" HPOS="186" VPOS="1219" WIDTH="1971" HEIGHT="72">
            <String ID="Word_11493" HPOS="186" VPOS="1220" WIDTH="270" HEIGHT="52" CONTENT="confusion" />
            <SP ID="SP_10407" HPOS="457" VPOS="1239" WIDTH="26" HEIGHT="0" />
            <String ID="Word_11494" HPOS="484" VPOS="1220" WIDTH="66" HEIGHT="52" CONTENT="all" />
            <SP ID="SP_10408" HPOS="551" VPOS="1220" WIDTH="24" HEIGHT="0" />
            <String ID="Word_11495" HPOS="576" VPOS="1226" WIDTH="88" HEIGHT="47" CONTENT="the" />
            <SP ID="SP_10409" HPOS="665" VPOS="1240" WIDTH="25" HEIGHT="0" />
            <String ID="Word_11496" HPOS="691" VPOS="1220" WIDTH="165" HEIGHT="53" CONTENT="affairs" />
            <SP ID="SP_10410" HPOS="857" VPOS="1240" WIDTH="26" HEIGHT="0" />
            <String ID="Word_11497" HPOS="884" VPOS="1220" WIDTH="56" HEIGHT="53" CONTENT="of" />
            <SP ID="SP_10411" HPOS="941" VPOS="1220" WIDTH="21" HEIGHT="0" />
            <String ID="Word_11498" HPOS="963" VPOS="1220" WIDTH="87" HEIGHT="53" CONTENT="the" />
            <SP ID="SP_10412" HPOS="1051" VPOS="1220" WIDTH="25" HEIGHT="0" />
            <String ID="Word_11499" HPOS="1077" VPOS="1220" WIDTH="192" HEIGHT="52" CONTENT="human" />
            <SP ID="SP_10413" HPOS="1270" VPOS="1220" WIDTH="25" HEIGHT="0" />
            <String ID="Word_11500" HPOS="1296" VPOS="1219" WIDTH="227" HEIGHT="54" CONTENT="family.”" />
            <SP ID="SP_10414" HPOS="1524" VPOS="1219" WIDTH="77" HEIGHT="0" />
            <String ID="Word_11501" HPOS="1602" VPOS="1221" WIDTH="108" HEIGHT="52" CONTENT="The" />
            <SP ID="SP_10415" HPOS="1711" VPOS="1240" WIDTH="23" HEIGHT="0" />
            <String ID="Word_11502" HPOS="1735" VPOS="1220" WIDTH="145" HEIGHT="53" CONTENT="mind" />
            <SP ID="SP_10416" HPOS="1881" VPOS="1221" WIDTH="24" HEIGHT="0" />
            <String ID="Word_11503" HPOS="1906" VPOS="1221" WIDTH="112" HEIGHT="52" CONTENT="that" />
            <SP ID="SP_10417" HPOS="2019" VPOS="1221" WIDTH="23" HEIGHT="0" />
            <String ID="Word_11504" HPOS="2043" VPOS="1221" WIDTH="41" HEIGHT="52" CONTENT="is" />
            <SP ID="SP_10418" HPOS="2085" VPOS="1222" WIDTH="23" HEIGHT="0" />
            <String ID="Word_11505" HPOS="2109" VPOS="1222" WIDTH="48" HEIGHT="52" CONTENT="in" />
          </TextLine>
          <TextLine ID="TextLine_1088" HPOS="180" VPOS="1293" WIDTH="1976" HEIGHT="74">
            <String ID="Word_11506" HPOS="180" VPOS="1293" WIDTH="249" HEIGHT="73" CONTENT="harmony" />
            <SP ID="SP_10419" HPOS="430" VPOS="1314" WIDTH="25" HEIGHT="0" />
            <String ID="Word_11507" HPOS="456" VPOS="1294" WIDTH="120" HEIGHT="53" CONTENT="with" />
            <SP ID="SP_10420" HPOS="577" VPOS="1294" WIDTH="25" HEIGHT="0" />
            <String ID="Word_11508" HPOS="603" VPOS="1295" WIDTH="89" HEIGHT="53" CONTENT="the" />
            <SP ID="SP_10421" HPOS="693" VPOS="1294" WIDTH="24" HEIGHT="0" />
            <String ID="Word_11509" HPOS="718" VPOS="1294" WIDTH="120" HEIGHT="54" CONTENT="laws" />
            <SP ID="SP_10422" HPOS="839" VPOS="1315" WIDTH="28" HEIGHT="0" />
            <String ID="Word_11510" HPOS="868" VPOS="1295" WIDTH="55" HEIGHT="53" CONTENT="of" />
            <SP ID="SP_10423" HPOS="924" VPOS="1295" WIDTH="32" HEIGHT="0" />
            <String ID="Word_11511" HPOS="957" VPOS="1313" WIDTH="197" HEIGHT="48" CONTENT="nature," />
            <SP ID="SP_10424" HPOS="1155" VPOS="1294" WIDTH="25" HEIGHT="0" />
            <String ID="Word_11512" HPOS="1181" VPOS="1294" WIDTH="54" HEIGHT="53" CONTENT="in" />
            <SP ID="SP_10425" HPOS="1236" VPOS="1314" WIDTH="25" HEIGHT="0" />
            <String ID="Word_11513" HPOS="1262" VPOS="1314" WIDTH="65" HEIGHT="34" CONTENT="an" />
            <SP ID="SP_10426" HPOS="1328" VPOS="1295" WIDTH="37" HEIGHT="0" />
            <String ID="Word_11514" HPOS="1366" VPOS="1295" WIDTH="233" HEIGHT="53" CONTENT="intimate" />
            <SP ID="SP_10427" HPOS="1600" VPOS="1314" WIDTH="26" HEIGHT="0" />
            <String ID="Word_11515" HPOS="1627" VPOS="1301" WIDTH="273" HEIGHT="66" CONTENT="sympathy" />
            <SP ID="SP_10428" HPOS="1901" VPOS="1315" WIDTH="25" HEIGHT="0" />
            <String ID="Word_11516" HPOS="1927" VPOS="1295" WIDTH="122" HEIGHT="54" CONTENT="with" />
            <SP ID="SP_10429" HPOS="2050" VPOS="1296" WIDTH="23" HEIGHT="0" />
            <String ID="Word_11517" HPOS="2074" VPOS="1296" WIDTH="82" HEIGHT="52" CONTENT="the" />
          </TextLine>
          <TextLine ID="TextLine_1089" HPOS="238" VPOS="1393" WIDTH="1919" HEIGHT="55">
            <String ID="Word_11518" HPOS="238" VPOS="1395" WIDTH="27" HEIGHT="27" CONTENT="*" />
            <SP ID="SP_10430" HPOS="266" VPOS="1395" WIDTH="31" HEIGHT="0" />
            <String ID="Word_11519" HPOS="298" VPOS="1398" WIDTH="25" HEIGHT="18" CONTENT="“" />
            <SP ID="SP_10431" HPOS="324" VPOS="1395" WIDTH="15" HEIGHT="0" />
            <String ID="Word_11520" HPOS="340" VPOS="1395" WIDTH="92" HEIGHT="39" CONTENT="Nos" />
            <SP ID="SP_10432" HPOS="433" VPOS="1407" WIDTH="27" HEIGHT="0" />
            <String ID="Word_11521" HPOS="461" VPOS="1408" WIDTH="101" HEIGHT="27" CONTENT="vero" />
            <SP ID="SP_10433" HPOS="563" VPOS="1394" WIDTH="38" HEIGHT="0" />
            <String ID="Word_11522" HPOS="602" VPOS="1394" WIDTH="274" HEIGHT="41" CONTENT="intellectum" />
            <SP ID="SP_10434" HPOS="877" VPOS="1395" WIDTH="31" HEIGHT="0" />
            <String ID="Word_11523" HPOS="909" VPOS="1395" WIDTH="172" HEIGHT="39" CONTENT="longius" />
            <SP ID="SP_10435" HPOS="1082" VPOS="1407" WIDTH="32" HEIGHT="0" />
            <String ID="Word_11524" HPOS="1115" VPOS="1409" WIDTH="24" HEIGHT="24" CONTENT="a" />
            <SP ID="SP_10436" HPOS="1140" VPOS="1407" WIDTH="33" HEIGHT="0" />
            <String ID="Word_11525" HPOS="1174" VPOS="1407" WIDTH="126" HEIGHT="27" CONTENT="rebus" />
            <SP ID="SP_10437" HPOS="1301" VPOS="1408" WIDTH="34" HEIGHT="0" />
            <String ID="Word_11526" HPOS="1336" VPOS="1408" WIDTH="87" HEIGHT="26" CONTENT="non" />
            <SP ID="SP_10438" HPOS="1424" VPOS="1408" WIDTH="34" HEIGHT="0" />
            <String ID="Word_11527" HPOS="1459" VPOS="1396" WIDTH="289" HEIGHT="38" CONTENT="abstrahimus" />
            <SP ID="SP_10439" HPOS="1749" VPOS="1408" WIDTH="30" HEIGHT="0" />
            <String ID="Word_11528" HPOS="1780" VPOS="1408" WIDTH="128" HEIGHT="40" CONTENT="quam" />
            <SP ID="SP_10440" HPOS="1909" VPOS="1408" WIDTH="28" HEIGHT="0" />
            <String ID="Word_11529" HPOS="1938" VPOS="1397" WIDTH="50" HEIGHT="38" CONTENT="ut" />
            <SP ID="SP_10441" HPOS="1989" VPOS="1397" WIDTH="31" HEIGHT="0" />
            <String ID="Word_11530" HPOS="2021" VPOS="1409" WIDTH="136" HEIGHT="27" CONTENT="rerum" />
          </TextLine>
          <TextLine ID="TextLine_1090" HPOS="177" VPOS="1450" WIDTH="1980" HEIGHT="55">
            <String ID="Word_11531" HPOS="177" VPOS="1450" WIDTH="210" HEIGHT="54" CONTENT="imagines" />
            <SP ID="SP_10442" HPOS="388" VPOS="1465" WIDTH="15" HEIGHT="0" />
            <String ID="Word_11532" HPOS="404" VPOS="1453" WIDTH="44" HEIGHT="39" CONTENT="et" />
            <SP ID="SP_10443" HPOS="449" VPOS="1453" WIDTH="17" HEIGHT="0" />
            <String ID="Word_11533" HPOS="467" VPOS="1452" WIDTH="109" HEIGHT="39" CONTENT="r^dii" />
            <SP ID="SP_10444" HPOS="577" VPOS="1452" WIDTH="17" HEIGHT="0" />
            <String ID="Word_11534" HPOS="595" VPOS="1452" WIDTH="69" HEIGHT="52" CONTENT="(ut" />
            <SP ID="SP_10445" HPOS="665" VPOS="1451" WIDTH="18" HEIGHT="0" />
            <String ID="Word_11535" HPOS="684" VPOS="1451" WIDTH="46" HEIGHT="40" CONTENT="in" />
            <SP ID="SP_10446" HPOS="731" VPOS="1465" WIDTH="14" HEIGHT="0" />
            <String ID="Word_11536" HPOS="746" VPOS="1465" WIDTH="125" HEIGHT="26" CONTENT="sensu" />
            <SP ID="SP_10447" HPOS="872" VPOS="1452" WIDTH="17" HEIGHT="0" />
            <String ID="Word_11537" HPOS="890" VPOS="1452" WIDTH="69" HEIGHT="50" CONTENT="fit)" />
            <SP ID="SP_10448" HPOS="960" VPOS="1454" WIDTH="18" HEIGHT="0" />
            <String ID="Word_11538" HPOS="979" VPOS="1465" WIDTH="110" HEIGHT="26" CONTENT="coire" />
            <SP ID="SP_10449" HPOS="1090" VPOS="1465" WIDTH="18" HEIGHT="0" />
            <String ID="Word_11539" HPOS="1109" VPOS="1451" WIDTH="210" HEIGHT="52" CONTENT="possint.”" />
            <SP ID="SP_10450" HPOS="1320" VPOS="1451" WIDTH="31" HEIGHT="0" />
            <String ID="Word_11540" HPOS="1352" VPOS="1452" WIDTH="32" HEIGHT="52" CONTENT="(‘" />
            <SP ID="SP_10451" HPOS="1385" VPOS="1452" WIDTH="16" HEIGHT="0" />
            <String ID="Word_11541" HPOS="1402" VPOS="1452" WIDTH="168" HEIGHT="52" CONTENT="Proleg." />
            <SP ID="SP_10452" HPOS="1571" VPOS="1452" WIDTH="18" HEIGHT="0" />
            <String ID="Word_11542" HPOS="1590" VPOS="1452" WIDTH="236" HEIGHT="40" CONTENT="Instaurat." />
            <SP ID="SP_10453" HPOS="1827" VPOS="1453" WIDTH="21" HEIGHT="0" />
            <String ID="Word_11543" HPOS="1849" VPOS="1451" WIDTH="181" HEIGHT="54" CONTENT="Magn.’)" />
            <SP ID="SP_10454" HPOS="2031" VPOS="1451" WIDTH="29" HEIGHT="0" />
            <String ID="Word_11544" HPOS="2061" VPOS="1453" WIDTH="96" HEIGHT="40" CONTENT="This" />
          </TextLine>
          <TextLine ID="TextLine_1091" HPOS="182" VPOS="1508" WIDTH="1975" HEIGHT="54">
            <String ID="Word_11545" HPOS="182" VPOS="1522" WIDTH="196" HEIGHT="38" CONTENT="passage," />
            <SP ID="SP_10455" HPOS="379" VPOS="1522" WIDTH="19" HEIGHT="0" />
            <String ID="Word_11546" HPOS="399" VPOS="1522" WIDTH="44" HEIGHT="26" CONTENT="as" />
            <SP ID="SP_10456" HPOS="444" VPOS="1522" WIDTH="20" HEIGHT="0" />
            <String ID="Word_11547" HPOS="465" VPOS="1510" WIDTH="168" HEIGHT="50" CONTENT="usually" />
            <SP ID="SP_10457" HPOS="634" VPOS="1523" WIDTH="14" HEIGHT="0" />
            <String ID="Word_11548" HPOS="649" VPOS="1509" WIDTH="221" HEIGHT="47" CONTENT="rendered," />
            <SP ID="SP_10458" HPOS="871" VPOS="1509" WIDTH="19" HEIGHT="0" />
            <String ID="Word_11549" HPOS="891" VPOS="1509" WIDTH="37" HEIGHT="39" CONTENT="is" />
            <SP ID="SP_10459" HPOS="929" VPOS="1523" WIDTH="19" HEIGHT="0" />
            <String ID="Word_11550" HPOS="949" VPOS="1511" WIDTH="76" HEIGHT="37" CONTENT="not" />
            <SP ID="SP_10460" HPOS="1026" VPOS="1508" WIDTH="19" HEIGHT="0" />
            <String ID="Word_11551" HPOS="1046" VPOS="1508" WIDTH="260" HEIGHT="53" CONTENT="intelligible" />
            <SP ID="SP_10461" HPOS="1307" VPOS="1522" WIDTH="15" HEIGHT="0" />
            <String ID="Word_11552" HPOS="1323" VPOS="1524" WIDTH="10" HEIGHT="32" CONTENT=";" />
            <SP ID="SP_10462" HPOS="1334" VPOS="1510" WIDTH="28" HEIGHT="0" />
            <String ID="Word_11553" HPOS="1363" VPOS="1510" WIDTH="78" HEIGHT="39" CONTENT="the" />
            <SP ID="SP_10463" HPOS="1442" VPOS="1511" WIDTH="20" HEIGHT="0" />
            <String ID="Word_11554" HPOS="1463" VPOS="1509" WIDTH="258" HEIGHT="39" CONTENT="translation" />
            <SP ID="SP_10464" HPOS="1722" VPOS="1508" WIDTH="20" HEIGHT="0" />
            <String ID="Word_11555" HPOS="1743" VPOS="1508" WIDTH="45" HEIGHT="40" CONTENT="in" />
            <SP ID="SP_10465" HPOS="1789" VPOS="1512" WIDTH="19" HEIGHT="0" />
            <String ID="Word_11556" HPOS="1809" VPOS="1512" WIDTH="74" HEIGHT="37" CONTENT="the" />
            <SP ID="SP_10466" HPOS="1884" VPOS="1514" WIDTH="20" HEIGHT="0" />
            <String ID="Word_11557" HPOS="1905" VPOS="1512" WIDTH="108" HEIGHT="45" CONTENT="text," />
            <SP ID="SP_10467" HPOS="2014" VPOS="1510" WIDTH="15" HEIGHT="0" />
            <String ID="Word_11558" HPOS="2030" VPOS="1509" WIDTH="37" HEIGHT="39" CONTENT="if" />
            <SP ID="SP_10468" HPOS="2068" VPOS="1509" WIDTH="16" HEIGHT="0" />
            <String ID="Word_11559" HPOS="2085" VPOS="1515" WIDTH="72" HEIGHT="35" CONTENT="not" />
          </TextLine>
          <TextLine ID="TextLine_1092" HPOS="181" VPOS="1565" WIDTH="1974" HEIGHT="54">
            <String ID="Word_11560" HPOS="181" VPOS="1566" WIDTH="190" HEIGHT="52" CONTENT="literally" />
            <SP ID="SP_10469" HPOS="372" VPOS="1579" WIDTH="20" HEIGHT="0" />
            <String ID="Word_11561" HPOS="393" VPOS="1579" WIDTH="136" HEIGHT="35" CONTENT="exact," />
            <SP ID="SP_10470" HPOS="530" VPOS="1579" WIDTH="22" HEIGHT="0" />
            <String ID="Word_11562" HPOS="553" VPOS="1566" WIDTH="233" HEIGHT="53" CONTENT="evidently," />
            <SP ID="SP_10471" HPOS="787" VPOS="1579" WIDTH="21" HEIGHT="0" />
            <String ID="Word_11563" HPOS="809" VPOS="1579" WIDTH="44" HEIGHT="26" CONTENT="as" />
            <SP ID="SP_10472" HPOS="854" VPOS="1568" WIDTH="25" HEIGHT="0" />
            <String ID="Word_11564" HPOS="880" VPOS="1568" WIDTH="74" HEIGHT="38" CONTENT="the" />
            <SP ID="SP_10473" HPOS="955" VPOS="1579" WIDTH="20" HEIGHT="0" />
            <String ID="Word_11565" HPOS="976" VPOS="1567" WIDTH="176" HEIGHT="39" CONTENT="context" />
            <SP ID="SP_10474" HPOS="1153" VPOS="1568" WIDTH="28" HEIGHT="0" />
            <String ID="Word_11566" HPOS="1182" VPOS="1579" WIDTH="165" HEIGHT="39" CONTENT="proves," />
            <SP ID="SP_10475" HPOS="1348" VPOS="1578" WIDTH="21" HEIGHT="0" />
            <String ID="Word_11567" HPOS="1370" VPOS="1578" WIDTH="217" HEIGHT="40" CONTENT="expresses" />
            <SP ID="SP_10476" HPOS="1588" VPOS="1566" WIDTH="30" HEIGHT="0" />
            <String ID="Word_11568" HPOS="1619" VPOS="1566" WIDTH="179" HEIGHT="40" CONTENT="Bacon’s" />
            <SP ID="SP_10477" HPOS="1799" VPOS="1570" WIDTH="28" HEIGHT="0" />
            <String ID="Word_11569" HPOS="1828" VPOS="1570" WIDTH="99" HEIGHT="37" CONTENT="true" />
            <SP ID="SP_10478" HPOS="1928" VPOS="1580" WIDTH="17" HEIGHT="0" />
            <String ID="Word_11570" HPOS="1946" VPOS="1568" WIDTH="209" HEIGHT="39" CONTENT="meaning." />
          </TextLine>
          <TextLine ID="TextLine_1093" HPOS="183" VPOS="1622" WIDTH="1972" HEIGHT="54">
            <String ID="Word_11571" HPOS="183" VPOS="1622" WIDTH="69" HEIGHT="40" CONTENT="He" />
            <SP ID="SP_10479" HPOS="253" VPOS="1623" WIDTH="18" HEIGHT="0" />
            <String ID="Word_11572" HPOS="272" VPOS="1623" WIDTH="87" HEIGHT="39" CONTENT="had" />
            <SP ID="SP_10480" HPOS="360" VPOS="1623" WIDTH="19" HEIGHT="0" />
            <String ID="Word_11573" HPOS="380" VPOS="1623" WIDTH="195" HEIGHT="52" CONTENT="objected" />
            <SP ID="SP_10481" HPOS="576" VPOS="1623" WIDTH="27" HEIGHT="0" />
            <String ID="Word_11574" HPOS="604" VPOS="1626" WIDTH="48" HEIGHT="37" CONTENT="to" />
            <SP ID="SP_10482" HPOS="653" VPOS="1636" WIDTH="19" HEIGHT="0" />
            <String ID="Word_11575" HPOS="673" VPOS="1623" WIDTH="59" HEIGHT="39" CONTENT="all" />
            <SP ID="SP_10483" HPOS="733" VPOS="1624" WIDTH="24" HEIGHT="0" />
            <String ID="Word_11576" HPOS="758" VPOS="1623" WIDTH="145" HEIGHT="40" CONTENT="before" />
            <SP ID="SP_10484" HPOS="904" VPOS="1623" WIDTH="27" HEIGHT="0" />
            <String ID="Word_11577" HPOS="932" VPOS="1623" WIDTH="91" HEIGHT="39" CONTENT="him" />
            <SP ID="SP_10485" HPOS="1024" VPOS="1625" WIDTH="20" HEIGHT="0" />
            <String ID="Word_11578" HPOS="1045" VPOS="1625" WIDTH="99" HEIGHT="37" CONTENT="that" />
            <SP ID="SP_10486" HPOS="1145" VPOS="1625" WIDTH="29" HEIGHT="0" />
            <String ID="Word_11579" HPOS="1175" VPOS="1636" WIDTH="115" HEIGHT="27" CONTENT="some" />
            <SP ID="SP_10487" HPOS="1291" VPOS="1623" WIDTH="27" HEIGHT="0" />
            <String ID="Word_11580" HPOS="1319" VPOS="1623" WIDTH="86" HEIGHT="39" CONTENT="had" />
            <SP ID="SP_10488" HPOS="1406" VPOS="1623" WIDTH="19" HEIGHT="0" />
            <String ID="Word_11581" HPOS="1426" VPOS="1636" WIDTH="194" HEIGHT="40" CONTENT="wrongly" />
            <SP ID="SP_10489" HPOS="1621" VPOS="1637" WIDTH="19" HEIGHT="0" />
            <String ID="Word_11582" HPOS="1641" VPOS="1623" WIDTH="210" HEIGHT="40" CONTENT="regarded" />
            <SP ID="SP_10490" HPOS="1852" VPOS="1623" WIDTH="26" HEIGHT="0" />
            <String ID="Word_11583" HPOS="1879" VPOS="1626" WIDTH="76" HEIGHT="38" CONTENT="the" />
            <SP ID="SP_10491" HPOS="1956" VPOS="1637" WIDTH="24" HEIGHT="0" />
            <String ID="Word_11584" HPOS="1981" VPOS="1637" WIDTH="113" HEIGHT="26" CONTENT="sense" />
            <SP ID="SP_10492" HPOS="2095" VPOS="1637" WIDTH="18" HEIGHT="0" />
            <String ID="Word_11585" HPOS="2114" VPOS="1637" WIDTH="41" HEIGHT="27" CONTENT="as" />
          </TextLine>
          <TextLine ID="TextLine_1094" HPOS="181" VPOS="1680" WIDTH="1975" HEIGHT="53">
            <String ID="Word_11586" HPOS="181" VPOS="1682" WIDTH="77" HEIGHT="37" CONTENT="the" />
            <SP ID="SP_10493" HPOS="259" VPOS="1693" WIDTH="18" HEIGHT="0" />
            <String ID="Word_11587" HPOS="278" VPOS="1693" WIDTH="191" HEIGHT="27" CONTENT="measure" />
            <SP ID="SP_10494" HPOS="470" VPOS="1693" WIDTH="27" HEIGHT="0" />
            <String ID="Word_11588" HPOS="498" VPOS="1680" WIDTH="48" HEIGHT="39" CONTENT="of" />
            <SP ID="SP_10495" HPOS="547" VPOS="1680" WIDTH="25" HEIGHT="0" />
            <String ID="Word_11589" HPOS="573" VPOS="1680" WIDTH="161" HEIGHT="53" CONTENT="things," />
            <SP ID="SP_10496" HPOS="735" VPOS="1694" WIDTH="21" HEIGHT="0" />
            <String ID="Word_11590" HPOS="757" VPOS="1680" WIDTH="127" HEIGHT="40" CONTENT="while" />
            <SP ID="SP_10497" HPOS="885" VPOS="1693" WIDTH="28" HEIGHT="0" />
            <String ID="Word_11591" HPOS="914" VPOS="1682" WIDTH="159" HEIGHT="46" CONTENT="others," />
            <SP ID="SP_10498" HPOS="1074" VPOS="1692" WIDTH="20" HEIGHT="0" />
            <String ID="Word_11592" HPOS="1095" VPOS="1681" WIDTH="171" HEIGHT="51" CONTENT="equally" />
            <SP ID="SP_10499" HPOS="1267" VPOS="1694" WIDTH="19" HEIGHT="0" />
            <String ID="Word_11593" HPOS="1287" VPOS="1680" WIDTH="208" HEIGHT="53" CONTENT="wrongly," />
            <SP ID="SP_10500" HPOS="1496" VPOS="1684" WIDTH="22" HEIGHT="0" />
            <String ID="Word_11594" HPOS="1519" VPOS="1684" WIDTH="22" HEIGHT="16" CONTENT="“" />
            <SP ID="SP_10501" HPOS="1542" VPOS="1684" WIDTH="16" HEIGHT="0" />
            <String ID="Word_11595" HPOS="1559" VPOS="1681" WIDTH="113" HEIGHT="38" CONTENT="after" />
            <SP ID="SP_10502" HPOS="1673" VPOS="1681" WIDTH="22" HEIGHT="0" />
            <String ID="Word_11596" HPOS="1696" VPOS="1681" WIDTH="163" HEIGHT="52" CONTENT="having" />
            <SP ID="SP_10503" HPOS="1860" VPOS="1693" WIDTH="19" HEIGHT="0" />
            <String ID="Word_11597" HPOS="1880" VPOS="1693" WIDTH="99" HEIGHT="40" CONTENT="only" />
            <SP ID="SP_10504" HPOS="1980" VPOS="1693" WIDTH="19" HEIGHT="0" />
            <String ID="Word_11598" HPOS="2000" VPOS="1693" WIDTH="24" HEIGHT="27" CONTENT="a" />
            <SP ID="SP_10505" HPOS="2025" VPOS="1681" WIDTH="21" HEIGHT="0" />
            <String ID="Word_11599" HPOS="2047" VPOS="1681" WIDTH="109" HEIGHT="41" CONTENT="little" />
          </TextLine>
          <TextLine ID="TextLine_1095" HPOS="180" VPOS="1737" WIDTH="1976" HEIGHT="54">
            <String ID="Word_11600" HPOS="180" VPOS="1737" WIDTH="127" HEIGHT="40" CONTENT="while" />
            <SP ID="SP_10506" HPOS="308" VPOS="1740" WIDTH="19" HEIGHT="0" />
            <String ID="Word_11601" HPOS="328" VPOS="1737" WIDTH="159" HEIGHT="39" CONTENT="turned" />
            <SP ID="SP_10507" HPOS="488" VPOS="1737" WIDTH="18" HEIGHT="0" />
            <String ID="Word_11602" HPOS="507" VPOS="1737" WIDTH="115" HEIGHT="40" CONTENT="their" />
            <SP ID="SP_10508" HPOS="623" VPOS="1750" WIDTH="20" HEIGHT="0" />
            <String ID="Word_11603" HPOS="644" VPOS="1750" WIDTH="96" HEIGHT="27" CONTENT="eyes" />
            <SP ID="SP_10509" HPOS="741" VPOS="1750" WIDTH="18" HEIGHT="0" />
            <String ID="Word_11604" HPOS="760" VPOS="1750" WIDTH="117" HEIGHT="39" CONTENT="upon" />
            <SP ID="SP_10510" HPOS="878" VPOS="1739" WIDTH="19" HEIGHT="0" />
            <String ID="Word_11605" HPOS="898" VPOS="1737" WIDTH="163" HEIGHT="53" CONTENT="things," />
            <SP ID="SP_10511" HPOS="1062" VPOS="1750" WIDTH="20" HEIGHT="0" />
            <String ID="Word_11606" HPOS="1083" VPOS="1737" WIDTH="86" HEIGHT="39" CONTENT="and" />
            <SP ID="SP_10512" HPOS="1170" VPOS="1737" WIDTH="18" HEIGHT="0" />
            <String ID="Word_11607" HPOS="1189" VPOS="1737" WIDTH="234" HEIGHT="48" CONTENT="instances," />
            <SP ID="SP_10513" HPOS="1424" VPOS="1751" WIDTH="17" HEIGHT="0" />
            <String ID="Word_11608" HPOS="1442" VPOS="1737" WIDTH="83" HEIGHT="39" CONTENT="and" />
            <SP ID="SP_10514" HPOS="1526" VPOS="1737" WIDTH="20" HEIGHT="0" />
            <String ID="Word_11609" HPOS="1547" VPOS="1737" WIDTH="262" HEIGHT="52" CONTENT="experience," />
            <SP ID="SP_10515" HPOS="1810" VPOS="1741" WIDTH="19" HEIGHT="0" />
            <String ID="Word_11610" HPOS="1830" VPOS="1741" WIDTH="108" HEIGHT="37" CONTENT="then" />
            <SP ID="SP_10516" HPOS="1939" VPOS="1751" WIDTH="18" HEIGHT="0" />
            <String ID="Word_11611" HPOS="1958" VPOS="1738" WIDTH="198" HEIGHT="40" CONTENT="straight-" />
          </TextLine>
          <TextLine ID="TextLine_1096" HPOS="179" VPOS="1793" WIDTH="1977" HEIGHT="54">
            <String ID="Word_11612" HPOS="179" VPOS="1807" WIDTH="108" HEIGHT="40" CONTENT="way," />
            <SP ID="SP_10517" HPOS="288" VPOS="1807" WIDTH="21" HEIGHT="0" />
            <String ID="Word_11613" HPOS="310" VPOS="1807" WIDTH="45" HEIGHT="27" CONTENT="as" />
            <SP ID="SP_10518" HPOS="356" VPOS="1794" WIDTH="28" HEIGHT="0" />
            <String ID="Word_11614" HPOS="385" VPOS="1793" WIDTH="39" HEIGHT="40" CONTENT="if" />
            <SP ID="SP_10519" HPOS="425" VPOS="1793" WIDTH="23" HEIGHT="0" />
            <String ID="Word_11615" HPOS="449" VPOS="1794" WIDTH="225" HEIGHT="40" CONTENT="invention" />
            <SP ID="SP_10520" HPOS="675" VPOS="1808" WIDTH="20" HEIGHT="0" />
            <String ID="Word_11616" HPOS="696" VPOS="1807" WIDTH="109" HEIGHT="27" CONTENT="were" />
            <SP ID="SP_10521" HPOS="806" VPOS="1807" WIDTH="29" HEIGHT="0" />
            <String ID="Word_11617" HPOS="836" VPOS="1794" WIDTH="185" HEIGHT="53" CONTENT="nothing" />
            <SP ID="SP_10522" HPOS="1022" VPOS="1807" WIDTH="29" HEIGHT="0" />
            <String ID="Word_11618" HPOS="1052" VPOS="1807" WIDTH="117" HEIGHT="27" CONTENT="more" />
            <SP ID="SP_10523" HPOS="1170" VPOS="1797" WIDTH="27" HEIGHT="0" />
            <String ID="Word_11619" HPOS="1198" VPOS="1797" WIDTH="111" HEIGHT="37" CONTENT="than" />
            <SP ID="SP_10524" HPOS="1310" VPOS="1808" WIDTH="28" HEIGHT="0" />
            <String ID="Word_11620" HPOS="1339" VPOS="1808" WIDTH="23" HEIGHT="25" CONTENT="a" />
            <SP ID="SP_10525" HPOS="1363" VPOS="1807" WIDTH="30" HEIGHT="0" />
            <String ID="Word_11621" HPOS="1394" VPOS="1796" WIDTH="164" HEIGHT="38" CONTENT="certain" />
            <SP ID="SP_10526" HPOS="1559" VPOS="1808" WIDTH="28" HEIGHT="0" />
            <String ID="Word_11622" HPOS="1588" VPOS="1808" WIDTH="169" HEIGHT="38" CONTENT="process" />
            <SP ID="SP_10527" HPOS="1758" VPOS="1808" WIDTH="28" HEIGHT="0" />
            <String ID="Word_11623" HPOS="1787" VPOS="1794" WIDTH="49" HEIGHT="41" CONTENT="of" />
            <SP ID="SP_10528" HPOS="1837" VPOS="1794" WIDTH="23" HEIGHT="0" />
            <String ID="Word_11624" HPOS="1861" VPOS="1796" WIDTH="295" HEIGHT="39" CONTENT="excogitation," />
          </TextLine>
          <TextLine ID="TextLine_1097" HPOS="179" VPOS="1851" WIDTH="1978" HEIGHT="52">
            <String ID="Word_11625" HPOS="179" VPOS="1851" WIDTH="109" HEIGHT="40" CONTENT="have" />
            <SP ID="SP_10529" HPOS="289" VPOS="1851" WIDTH="20" HEIGHT="0" />
            <String ID="Word_11626" HPOS="310" VPOS="1851" WIDTH="145" HEIGHT="47" CONTENT="fallen," />
            <SP ID="SP_10530" HPOS="456" VPOS="1864" WIDTH="21" HEIGHT="0" />
            <String ID="Word_11627" HPOS="478" VPOS="1864" WIDTH="44" HEIGHT="27" CONTENT="as" />
            <SP ID="SP_10531" HPOS="523" VPOS="1852" WIDTH="20" HEIGHT="0" />
            <String ID="Word_11628" HPOS="544" VPOS="1852" WIDTH="35" HEIGHT="39" CONTENT="it" />
            <SP ID="SP_10532" HPOS="580" VPOS="1853" WIDTH="20" HEIGHT="0" />
            <String ID="Word_11629" HPOS="601" VPOS="1865" WIDTH="123" HEIGHT="34" CONTENT="were," />
            <SP ID="SP_10533" HPOS="725" VPOS="1855" WIDTH="20" HEIGHT="0" />
            <String ID="Word_11630" HPOS="746" VPOS="1855" WIDTH="46" HEIGHT="36" CONTENT="to" />
            <SP ID="SP_10534" HPOS="793" VPOS="1851" WIDTH="21" HEIGHT="0" />
            <String ID="Word_11631" HPOS="815" VPOS="1851" WIDTH="157" HEIGHT="40" CONTENT="invoke" />
            <SP ID="SP_10535" HPOS="973" VPOS="1857" WIDTH="19" HEIGHT="0" />
            <String ID="Word_11632" HPOS="993" VPOS="1851" WIDTH="116" HEIGHT="39" CONTENT="their" />
            <SP ID="SP_10536" HPOS="1110" VPOS="1864" WIDTH="20" HEIGHT="0" />
            <String ID="Word_11633" HPOS="1131" VPOS="1864" WIDTH="96" HEIGHT="26" CONTENT="own" />
            <SP ID="SP_10537" HPOS="1228" VPOS="1864" WIDTH="20" HEIGHT="0" />
            <String ID="Word_11634" HPOS="1249" VPOS="1851" WIDTH="147" HEIGHT="52" CONTENT="spirits" />
            <SP ID="SP_10538" HPOS="1397" VPOS="1852" WIDTH="21" HEIGHT="0" />
            <String ID="Word_11635" HPOS="1419" VPOS="1852" WIDTH="45" HEIGHT="39" CONTENT="to" />
            <SP ID="SP_10539" HPOS="1465" VPOS="1864" WIDTH="23" HEIGHT="0" />
            <String ID="Word_11636" HPOS="1489" VPOS="1853" WIDTH="115" HEIGHT="38" CONTENT="utter" />
            <SP ID="SP_10540" HPOS="1605" VPOS="1865" WIDTH="19" HEIGHT="0" />
            <String ID="Word_11637" HPOS="1625" VPOS="1851" WIDTH="159" HEIGHT="40" CONTENT="oracles" />
            <SP ID="SP_10541" HPOS="1785" VPOS="1853" WIDTH="26" HEIGHT="0" />
            <String ID="Word_11638" HPOS="1812" VPOS="1853" WIDTH="46" HEIGHT="39" CONTENT="to" />
            <SP ID="SP_10542" HPOS="1859" VPOS="1855" WIDTH="23" HEIGHT="0" />
            <String ID="Word_11639" HPOS="1883" VPOS="1852" WIDTH="130" HEIGHT="39" CONTENT="them." />
            <SP ID="SP_10543" HPOS="2014" VPOS="1852" WIDTH="58" HEIGHT="0" />
            <String ID="Word_11640" HPOS="2073" VPOS="1852" WIDTH="84" HEIGHT="39" CONTENT="But" />
          </TextLine>
          <TextLine ID="TextLine_1098" HPOS="179" VPOS="1908" WIDTH="1978" HEIGHT="53">
            <String ID="Word_11641" HPOS="179" VPOS="1910" WIDTH="108" HEIGHT="37" CONTENT="we,”" />
            <SP ID="SP_10544" HPOS="288" VPOS="1909" WIDTH="20" HEIGHT="0" />
            <String ID="Word_11642" HPOS="309" VPOS="1909" WIDTH="54" HEIGHT="39" CONTENT="he" />
            <SP ID="SP_10545" HPOS="364" VPOS="1921" WIDTH="15" HEIGHT="0" />
            <String ID="Word_11643" HPOS="380" VPOS="1921" WIDTH="100" HEIGHT="40" CONTENT="goes" />
            <SP ID="SP_10546" HPOS="481" VPOS="1921" WIDTH="15" HEIGHT="0" />
            <String ID="Word_11644" HPOS="497" VPOS="1922" WIDTH="68" HEIGHT="33" CONTENT="on," />
            <SP ID="SP_10547" HPOS="566" VPOS="1912" WIDTH="22" HEIGHT="0" />
            <String ID="Word_11645" HPOS="589" VPOS="1912" WIDTH="26" HEIGHT="18" CONTENT="“" />
            <SP ID="SP_10548" HPOS="616" VPOS="1912" WIDTH="15" HEIGHT="0" />
            <String ID="Word_11646" HPOS="632" VPOS="1908" WIDTH="213" HEIGHT="53" CONTENT="modestly" />
            <SP ID="SP_10549" HPOS="846" VPOS="1922" WIDTH="15" HEIGHT="0" />
            <String ID="Word_11647" HPOS="862" VPOS="1908" WIDTH="85" HEIGHT="39" CONTENT="and" />
            <SP ID="SP_10550" HPOS="948" VPOS="1908" WIDTH="18" HEIGHT="0" />
            <String ID="Word_11648" HPOS="967" VPOS="1908" WIDTH="323" HEIGHT="53" CONTENT="perseveringly" />
            <SP ID="SP_10551" HPOS="1291" VPOS="1908" WIDTH="15" HEIGHT="0" />
            <String ID="Word_11649" HPOS="1307" VPOS="1908" WIDTH="188" HEIGHT="52" CONTENT="keeping" />
            <SP ID="SP_10552" HPOS="1496" VPOS="1921" WIDTH="15" HEIGHT="0" />
            <String ID="Word_11650" HPOS="1512" VPOS="1921" WIDTH="211" HEIGHT="28" CONTENT="ourselves" />
            <SP ID="SP_10553" HPOS="1724" VPOS="1921" WIDTH="16" HEIGHT="0" />
            <String ID="Word_11651" HPOS="1741" VPOS="1912" WIDTH="252" HEIGHT="37" CONTENT="conversant" />
            <SP ID="SP_10554" HPOS="1994" VPOS="1912" WIDTH="14" HEIGHT="0" />
            <String ID="Word_11652" HPOS="2009" VPOS="1921" WIDTH="148" HEIGHT="40" CONTENT="among" />
          </TextLine>
          <TextLine ID="TextLine_1099" HPOS="182" VPOS="1964" WIDTH="1975" HEIGHT="53">
            <String ID="Word_11653" HPOS="182" VPOS="1965" WIDTH="162" HEIGHT="52" CONTENT="things," />
            <SP ID="SP_10555" HPOS="345" VPOS="1979" WIDTH="20" HEIGHT="0" />
            <String ID="Word_11654" HPOS="366" VPOS="1979" WIDTH="130" HEIGHT="26" CONTENT="never" />
            <SP ID="SP_10556" HPOS="497" VPOS="1979" WIDTH="20" HEIGHT="0" />
            <String ID="Word_11655" HPOS="518" VPOS="1966" WIDTH="225" HEIGHT="39" CONTENT="withdraw" />
            <SP ID="SP_10557" HPOS="744" VPOS="1978" WIDTH="19" HEIGHT="0" />
            <String ID="Word_11656" HPOS="764" VPOS="1978" WIDTH="77" HEIGHT="27" CONTENT="our" />
            <SP ID="SP_10558" HPOS="842" VPOS="1979" WIDTH="20" HEIGHT="0" />
            <String ID="Word_11657" HPOS="863" VPOS="1964" WIDTH="359" HEIGHT="53" CONTENT="understanding," />
            <SP ID="SP_10559" HPOS="1223" VPOS="1965" WIDTH="21" HEIGHT="0" />
            <String ID="Word_11658" HPOS="1245" VPOS="1965" WIDTH="102" HEIGHT="40" CONTENT="&amp;c.”" />
            <SP ID="SP_10560" HPOS="1348" VPOS="1965" WIDTH="58" HEIGHT="0" />
            <String ID="Word_11659" HPOS="1407" VPOS="1965" WIDTH="85" HEIGHT="40" CONTENT="Mr." />
            <SP ID="SP_10561" HPOS="1493" VPOS="1965" WIDTH="24" HEIGHT="0" />
            <String ID="Word_11660" HPOS="1518" VPOS="1965" WIDTH="232" HEIGHT="52" CONTENT="Spedding," />
            <SP ID="SP_10562" HPOS="1751" VPOS="1966" WIDTH="21" HEIGHT="0" />
            <String ID="Word_11661" HPOS="1773" VPOS="1966" WIDTH="44" HEIGHT="39" CONTENT="in" />
            <SP ID="SP_10563" HPOS="1818" VPOS="1965" WIDTH="25" HEIGHT="0" />
            <String ID="Word_11662" HPOS="1844" VPOS="1965" WIDTH="67" HEIGHT="40" CONTENT="his" />
            <SP ID="SP_10564" HPOS="1912" VPOS="1979" WIDTH="19" HEIGHT="0" />
            <String ID="Word_11663" HPOS="1932" VPOS="1966" WIDTH="225" HEIGHT="39" CONTENT="admirable" />
          </TextLine>
          <TextLine ID="TextLine_1100" HPOS="182" VPOS="2021" WIDTH="1976" HEIGHT="54">
            <String ID="Word_11664" HPOS="182" VPOS="2022" WIDTH="163" HEIGHT="40" CONTENT="edition" />
            <SP ID="SP_10565" HPOS="346" VPOS="2036" WIDTH="18" HEIGHT="0" />
            <String ID="Word_11665" HPOS="365" VPOS="2023" WIDTH="49" HEIGHT="39" CONTENT="of" />
            <SP ID="SP_10566" HPOS="415" VPOS="2023" WIDTH="15" HEIGHT="0" />
            <String ID="Word_11666" HPOS="431" VPOS="2023" WIDTH="178" HEIGHT="39" CONTENT="Bacon’s" />
            <SP ID="SP_10567" HPOS="610" VPOS="2036" WIDTH="18" HEIGHT="0" />
            <String ID="Word_11667" HPOS="629" VPOS="2022" WIDTH="154" HEIGHT="48" CONTENT="works," />
            <SP ID="SP_10568" HPOS="784" VPOS="2024" WIDTH="21" HEIGHT="0" />
            <String ID="Word_11668" HPOS="806" VPOS="2024" WIDTH="233" HEIGHT="37" CONTENT="translates" />
            <SP ID="SP_10569" HPOS="1040" VPOS="2024" WIDTH="18" HEIGHT="0" />
            <String ID="Word_11669" HPOS="1059" VPOS="2024" WIDTH="76" HEIGHT="37" CONTENT="the" />
            <SP ID="SP_10570" HPOS="1136" VPOS="2034" WIDTH="12" HEIGHT="0" />
            <String ID="Word_11670" HPOS="1149" VPOS="2035" WIDTH="178" HEIGHT="38" CONTENT="passage" />
            <SP ID="SP_10571" HPOS="1328" VPOS="2023" WIDTH="18" HEIGHT="0" />
            <String ID="Word_11671" HPOS="1347" VPOS="2023" WIDTH="102" HEIGHT="38" CONTENT="thus" />
            <SP ID="SP_10572" HPOS="1450" VPOS="2035" WIDTH="14" HEIGHT="0" />
            <String ID="Word_11672" HPOS="1465" VPOS="2026" WIDTH="97" HEIGHT="35" CONTENT=":—“" />
            <SP ID="SP_10573" HPOS="1563" VPOS="2022" WIDTH="16" HEIGHT="0" />
            <String ID="Word_11673" HPOS="1580" VPOS="2022" WIDTH="35" HEIGHT="47" CONTENT="I," />
            <SP ID="SP_10574" HPOS="1616" VPOS="2036" WIDTH="20" HEIGHT="0" />
            <String ID="Word_11674" HPOS="1637" VPOS="2036" WIDTH="54" HEIGHT="27" CONTENT="on" />
            <SP ID="SP_10575" HPOS="1692" VPOS="2027" WIDTH="18" HEIGHT="0" />
            <String ID="Word_11675" HPOS="1711" VPOS="2027" WIDTH="76" HEIGHT="35" CONTENT="the" />
            <SP ID="SP_10576" HPOS="1788" VPOS="2035" WIDTH="20" HEIGHT="0" />
            <String ID="Word_11676" HPOS="1809" VPOS="2036" WIDTH="212" HEIGHT="39" CONTENT="contrary," />
            <SP ID="SP_10577" HPOS="2022" VPOS="2036" WIDTH="20" HEIGHT="0" />
            <String ID="Word_11677" HPOS="2043" VPOS="2026" WIDTH="115" HEIGHT="36" CONTENT="with-" />
          </TextLine>
          <TextLine ID="TextLine_1101" HPOS="181" VPOS="2078" WIDTH="1976" HEIGHT="54">
            <String ID="Word_11678" HPOS="181" VPOS="2079" WIDTH="117" HEIGHT="39" CONTENT="draw" />
            <SP ID="SP_10578" HPOS="299" VPOS="2093" WIDTH="19" HEIGHT="0" />
            <String ID="Word_11679" HPOS="319" VPOS="2093" WIDTH="74" HEIGHT="39" CONTENT="my" />
            <SP ID="SP_10579" HPOS="394" VPOS="2079" WIDTH="18" HEIGHT="0" />
            <String ID="Word_11680" HPOS="413" VPOS="2079" WIDTH="196" HEIGHT="40" CONTENT="intellect" />
            <SP ID="SP_10580" HPOS="610" VPOS="2079" WIDTH="26" HEIGHT="0" />
            <String ID="Word_11681" HPOS="637" VPOS="2079" WIDTH="112" HEIGHT="39" CONTENT="from" />
            <SP ID="SP_10581" HPOS="750" VPOS="2081" WIDTH="28" HEIGHT="0" />
            <String ID="Word_11682" HPOS="779" VPOS="2081" WIDTH="120" HEIGHT="37" CONTENT="them" />
            <SP ID="SP_10582" HPOS="900" VPOS="2092" WIDTH="23" HEIGHT="0" />
            <String ID="Word_11683" HPOS="924" VPOS="2091" WIDTH="55" HEIGHT="27" CONTENT="no" />
            <SP ID="SP_10583" HPOS="980" VPOS="2078" WIDTH="27" HEIGHT="0" />
            <String ID="Word_11684" HPOS="1008" VPOS="2078" WIDTH="172" HEIGHT="40" CONTENT="further" />
            <SP ID="SP_10584" HPOS="1181" VPOS="2082" WIDTH="30" HEIGHT="0" />
            <String ID="Word_11685" HPOS="1212" VPOS="2082" WIDTH="107" HEIGHT="36" CONTENT="than" />
            <SP ID="SP_10585" HPOS="1320" VPOS="2092" WIDTH="28" HEIGHT="0" />
            <String ID="Word_11686" HPOS="1349" VPOS="2092" WIDTH="99" HEIGHT="39" CONTENT="may" />
            <SP ID="SP_10586" HPOS="1449" VPOS="2092" WIDTH="22" HEIGHT="0" />
            <String ID="Word_11687" HPOS="1472" VPOS="2079" WIDTH="144" HEIGHT="40" CONTENT="suffice" />
            <SP ID="SP_10587" HPOS="1617" VPOS="2081" WIDTH="28" HEIGHT="0" />
            <String ID="Word_11688" HPOS="1646" VPOS="2081" WIDTH="46" HEIGHT="38" CONTENT="to" />
            <SP ID="SP_10588" HPOS="1693" VPOS="2080" WIDTH="28" HEIGHT="0" />
            <String ID="Word_11689" HPOS="1722" VPOS="2080" WIDTH="61" HEIGHT="39" CONTENT="let" />
            <SP ID="SP_10589" HPOS="1784" VPOS="2081" WIDTH="19" HEIGHT="0" />
            <String ID="Word_11690" HPOS="1804" VPOS="2079" WIDTH="74" HEIGHT="41" CONTENT="the" />
            <SP ID="SP_10590" HPOS="1879" VPOS="2079" WIDTH="20" HEIGHT="0" />
            <String ID="Word_11691" HPOS="1900" VPOS="2079" WIDTH="159" HEIGHT="40" CONTENT="images" />
            <SP ID="SP_10591" HPOS="2060" VPOS="2093" WIDTH="18" HEIGHT="0" />
            <String ID="Word_11692" HPOS="2079" VPOS="2079" WIDTH="78" HEIGHT="39" CONTENT="and" />
          </TextLine>
          <TextLine ID="TextLine_1102" HPOS="180" VPOS="2135" WIDTH="1978" HEIGHT="54">
            <String ID="Word_11693" HPOS="180" VPOS="2149" WIDTH="98" HEIGHT="26" CONTENT="rays" />
            <SP ID="SP_10592" HPOS="279" VPOS="2149" WIDTH="13" HEIGHT="0" />
            <String ID="Word_11694" HPOS="293" VPOS="2136" WIDTH="48" HEIGHT="39" CONTENT="of" />
            <SP ID="SP_10593" HPOS="342" VPOS="2136" WIDTH="14" HEIGHT="0" />
            <String ID="Word_11695" HPOS="357" VPOS="2137" WIDTH="173" HEIGHT="39" CONTENT="natural" />
            <SP ID="SP_10594" HPOS="531" VPOS="2137" WIDTH="15" HEIGHT="0" />
            <String ID="Word_11696" HPOS="547" VPOS="2137" WIDTH="162" HEIGHT="39" CONTENT="objects" />
            <SP ID="SP_10595" HPOS="710" VPOS="2149" WIDTH="19" HEIGHT="0" />
            <String ID="Word_11697" HPOS="730" VPOS="2141" WIDTH="114" HEIGHT="34" CONTENT="meet" />
            <SP ID="SP_10596" HPOS="845" VPOS="2135" WIDTH="19" HEIGHT="0" />
            <String ID="Word_11698" HPOS="865" VPOS="2135" WIDTH="45" HEIGHT="40" CONTENT="in" />
            <SP ID="SP_10597" HPOS="911" VPOS="2149" WIDTH="18" HEIGHT="0" />
            <String ID="Word_11699" HPOS="930" VPOS="2149" WIDTH="24" HEIGHT="25" CONTENT="a" />
            <SP ID="SP_10598" HPOS="955" VPOS="2149" WIDTH="18" HEIGHT="0" />
            <String ID="Word_11700" HPOS="974" VPOS="2136" WIDTH="136" HEIGHT="51" CONTENT="point," />
            <SP ID="SP_10599" HPOS="1111" VPOS="2149" WIDTH="16" HEIGHT="0" />
            <String ID="Word_11701" HPOS="1128" VPOS="2149" WIDTH="45" HEIGHT="25" CONTENT="as" />
            <SP ID="SP_10600" HPOS="1174" VPOS="2137" WIDTH="19" HEIGHT="0" />
            <String ID="Word_11702" HPOS="1194" VPOS="2136" WIDTH="104" HEIGHT="53" CONTENT="they" />
            <SP ID="SP_10601" HPOS="1299" VPOS="2136" WIDTH="15" HEIGHT="0" />
            <String ID="Word_11703" HPOS="1315" VPOS="2136" WIDTH="56" HEIGHT="40" CONTENT="do" />
            <SP ID="SP_10602" HPOS="1372" VPOS="2135" WIDTH="20" HEIGHT="0" />
            <String ID="Word_11704" HPOS="1393" VPOS="2135" WIDTH="45" HEIGHT="40" CONTENT="in" />
            <SP ID="SP_10603" HPOS="1439" VPOS="2138" WIDTH="18" HEIGHT="0" />
            <String ID="Word_11705" HPOS="1458" VPOS="2138" WIDTH="76" HEIGHT="38" CONTENT="the" />
            <SP ID="SP_10604" HPOS="1535" VPOS="2149" WIDTH="19" HEIGHT="0" />
            <String ID="Word_11706" HPOS="1555" VPOS="2149" WIDTH="120" HEIGHT="27" CONTENT="sense" />
            <SP ID="SP_10605" HPOS="1676" VPOS="2149" WIDTH="15" HEIGHT="0" />
            <String ID="Word_11707" HPOS="1692" VPOS="2136" WIDTH="49" HEIGHT="40" CONTENT="of" />
            <SP ID="SP_10606" HPOS="1742" VPOS="2136" WIDTH="12" HEIGHT="0" />
            <String ID="Word_11708" HPOS="1755" VPOS="2135" WIDTH="179" HEIGHT="41" CONTENT="vision.”" />
            <SP ID="SP_10607" HPOS="1935" VPOS="2137" WIDTH="48" HEIGHT="0" />
            <String ID="Word_11709" HPOS="1984" VPOS="2136" WIDTH="174" HEIGHT="41" CONTENT="Accord-" />
          </TextLine>
          <TextLine ID="TextLine_1103" HPOS="179" VPOS="2192" WIDTH="1979" HEIGHT="54">
            <String ID="Word_11710" HPOS="179" VPOS="2192" WIDTH="77" HEIGHT="54" CONTENT="ing" />
            <SP ID="SP_10608" HPOS="257" VPOS="2197" WIDTH="20" HEIGHT="0" />
            <String ID="Word_11711" HPOS="278" VPOS="2197" WIDTH="46" HEIGHT="36" CONTENT="to" />
            <SP ID="SP_10609" HPOS="325" VPOS="2196" WIDTH="19" HEIGHT="0" />
            <String ID="Word_11712" HPOS="345" VPOS="2193" WIDTH="88" HEIGHT="40" CONTENT="this" />
            <SP ID="SP_10610" HPOS="434" VPOS="2193" WIDTH="20" HEIGHT="0" />
            <String ID="Word_11713" HPOS="455" VPOS="2193" WIDTH="448" HEIGHT="52" CONTENT="interpretation,—if" />
            <SP ID="SP_10611" HPOS="904" VPOS="2193" WIDTH="13" HEIGHT="0" />
            <String ID="Word_11714" HPOS="918" VPOS="2195" WIDTH="123" HEIGHT="37" CONTENT="there" />
            <SP ID="SP_10612" HPOS="1042" VPOS="2205" WIDTH="22" HEIGHT="0" />
            <String ID="Word_11715" HPOS="1065" VPOS="2192" WIDTH="135" HEIGHT="53" CONTENT="really" />
            <SP ID="SP_10613" HPOS="1201" VPOS="2192" WIDTH="20" HEIGHT="0" />
            <String ID="Word_11716" HPOS="1222" VPOS="2192" WIDTH="35" HEIGHT="40" CONTENT="is" />
            <SP ID="SP_10614" HPOS="1258" VPOS="2206" WIDTH="20" HEIGHT="0" />
            <String ID="Word_11717" HPOS="1279" VPOS="2206" WIDTH="84" HEIGHT="39" CONTENT="any" />
            <SP ID="SP_10615" HPOS="1364" VPOS="2206" WIDTH="19" HEIGHT="0" />
            <String ID="Word_11718" HPOS="1384" VPOS="2193" WIDTH="204" HEIGHT="52" CONTENT="meaning" />
            <SP ID="SP_10616" HPOS="1589" VPOS="2193" WIDTH="22" HEIGHT="0" />
            <String ID="Word_11719" HPOS="1612" VPOS="2193" WIDTH="46" HEIGHT="39" CONTENT="in" />
            <SP ID="SP_10617" HPOS="1659" VPOS="2193" WIDTH="29" HEIGHT="0" />
            <String ID="Word_11720" HPOS="1689" VPOS="2193" WIDTH="171" HEIGHT="41" CONTENT="it—the" />
            <SP ID="SP_10618" HPOS="1861" VPOS="2193" WIDTH="28" HEIGHT="0" />
            <String ID="Word_11721" HPOS="1890" VPOS="2193" WIDTH="159" HEIGHT="52" CONTENT="images" />
            <SP ID="SP_10619" HPOS="2050" VPOS="2206" WIDTH="29" HEIGHT="0" />
            <String ID="Word_11722" HPOS="2080" VPOS="2193" WIDTH="78" HEIGHT="39" CONTENT="and" />
          </TextLine>
          <TextLine ID="TextLine_1104" HPOS="179" VPOS="2249" WIDTH="1979" HEIGHT="55">
            <String ID="Word_11723" HPOS="179" VPOS="2263" WIDTH="98" HEIGHT="26" CONTENT="rays" />
            <SP ID="SP_10620" HPOS="278" VPOS="2263" WIDTH="20" HEIGHT="0" />
            <String ID="Word_11724" HPOS="299" VPOS="2250" WIDTH="47" HEIGHT="39" CONTENT="of" />
            <SP ID="SP_10621" HPOS="347" VPOS="2250" WIDTH="15" HEIGHT="0" />
            <String ID="Word_11725" HPOS="363" VPOS="2251" WIDTH="161" HEIGHT="53" CONTENT="objects" />
            <SP ID="SP_10622" HPOS="525" VPOS="2263" WIDTH="25" HEIGHT="0" />
            <String ID="Word_11726" HPOS="551" VPOS="2263" WIDTH="169" HEIGHT="27" CONTENT="express" />
            <SP ID="SP_10623" HPOS="721" VPOS="2252" WIDTH="14" HEIGHT="0" />
            <String ID="Word_11727" HPOS="736" VPOS="2252" WIDTH="73" HEIGHT="37" CONTENT="the" />
            <SP ID="SP_10624" HPOS="810" VPOS="2263" WIDTH="16" HEIGHT="0" />
            <String ID="Word_11728" HPOS="827" VPOS="2262" WIDTH="114" HEIGHT="27" CONTENT="same" />
            <SP ID="SP_10625" HPOS="942" VPOS="2253" WIDTH="19" HEIGHT="0" />
            <String ID="Word_11729" HPOS="962" VPOS="2249" WIDTH="143" HEIGHT="39" CONTENT="thing." />
            <SP ID="SP_10626" HPOS="1106" VPOS="2249" WIDTH="50" HEIGHT="0" />
            <String ID="Word_11730" HPOS="1157" VPOS="2249" WIDTH="84" HEIGHT="39" CONTENT="Mr." />
            <SP ID="SP_10627" HPOS="1242" VPOS="2249" WIDTH="17" HEIGHT="0" />
            <String ID="Word_11731" HPOS="1260" VPOS="2249" WIDTH="174" HEIGHT="40" CONTENT="Wood’s" />
            <SP ID="SP_10628" HPOS="1435" VPOS="2251" WIDTH="18" HEIGHT="0" />
            <String ID="Word_11732" HPOS="1454" VPOS="2250" WIDTH="270" HEIGHT="48" CONTENT="translation," />
            <SP ID="SP_10629" HPOS="1725" VPOS="2250" WIDTH="22" HEIGHT="0" />
            <String ID="Word_11733" HPOS="1748" VPOS="2250" WIDTH="45" HEIGHT="39" CONTENT="in" />
            <SP ID="SP_10630" HPOS="1794" VPOS="2251" WIDTH="19" HEIGHT="0" />
            <String ID="Word_11734" HPOS="1814" VPOS="2251" WIDTH="82" HEIGHT="39" CONTENT="Mr." />
            <SP ID="SP_10631" HPOS="1897" VPOS="2251" WIDTH="22" HEIGHT="0" />
            <String ID="Word_11735" HPOS="1920" VPOS="2251" WIDTH="238" HEIGHT="52" CONTENT="Montagu’s" />
          </TextLine>
          <TextLine ID="TextLine_1105" HPOS="180" VPOS="2306" WIDTH="1977" HEIGHT="52">
            <String ID="Word_11736" HPOS="180" VPOS="2307" WIDTH="176" HEIGHT="46" CONTENT="edition," />
            <SP ID="SP_10632" HPOS="357" VPOS="2307" WIDTH="18" HEIGHT="0" />
            <String ID="Word_11737" HPOS="376" VPOS="2307" WIDTH="35" HEIGHT="39" CONTENT="is" />
            <SP ID="SP_10633" HPOS="412" VPOS="2320" WIDTH="17" HEIGHT="0" />
            <String ID="Word_11738" HPOS="430" VPOS="2310" WIDTH="97" HEIGHT="36" CONTENT=":—“" />
            <SP ID="SP_10634" HPOS="528" VPOS="2307" WIDTH="15" HEIGHT="0" />
            <String ID="Word_11739" HPOS="544" VPOS="2307" WIDTH="79" HEIGHT="39" CONTENT="We" />
            <SP ID="SP_10635" HPOS="624" VPOS="2319" WIDTH="16" HEIGHT="0" />
            <String ID="Word_11740" HPOS="641" VPOS="2307" WIDTH="192" HEIGHT="39" CONTENT="abstract" />
            <SP ID="SP_10636" HPOS="834" VPOS="2308" WIDTH="14" HEIGHT="0" />
            <String ID="Word_11741" HPOS="849" VPOS="2319" WIDTH="78" HEIGHT="27" CONTENT="our" />
            <SP ID="SP_10637" HPOS="928" VPOS="2319" WIDTH="15" HEIGHT="0" />
            <String ID="Word_11742" HPOS="944" VPOS="2306" WIDTH="347" HEIGHT="52" CONTENT="understanding" />
            <SP ID="SP_10638" HPOS="1292" VPOS="2320" WIDTH="18" HEIGHT="0" />
            <String ID="Word_11743" HPOS="1311" VPOS="2319" WIDTH="56" HEIGHT="26" CONTENT="no" />
            <SP ID="SP_10639" HPOS="1368" VPOS="2306" WIDTH="18" HEIGHT="0" />
            <String ID="Word_11744" HPOS="1387" VPOS="2306" WIDTH="172" HEIGHT="40" CONTENT="further" />
            <SP ID="SP_10640" HPOS="1560" VPOS="2306" WIDTH="19" HEIGHT="0" />
            <String ID="Word_11745" HPOS="1580" VPOS="2306" WIDTH="110" HEIGHT="40" CONTENT="from" />
            <SP ID="SP_10641" HPOS="1691" VPOS="2310" WIDTH="15" HEIGHT="0" />
            <String ID="Word_11746" HPOS="1707" VPOS="2310" WIDTH="120" HEIGHT="37" CONTENT="them" />
            <SP ID="SP_10642" HPOS="1828" VPOS="2310" WIDTH="14" HEIGHT="0" />
            <String ID="Word_11747" HPOS="1843" VPOS="2307" WIDTH="107" HEIGHT="40" CONTENT="than" />
            <SP ID="SP_10643" HPOS="1951" VPOS="2307" WIDTH="19" HEIGHT="0" />
            <String ID="Word_11748" HPOS="1971" VPOS="2307" WIDTH="35" HEIGHT="39" CONTENT="is" />
            <SP ID="SP_10644" HPOS="2007" VPOS="2321" WIDTH="18" HEIGHT="0" />
            <String ID="Word_11749" HPOS="2026" VPOS="2320" WIDTH="131" HEIGHT="27" CONTENT="neces-" />
          </TextLine>
          <TextLine ID="TextLine_1106" HPOS="179" VPOS="2362" WIDTH="1978" HEIGHT="54">
            <String ID="Word_11750" HPOS="179" VPOS="2376" WIDTH="97" HEIGHT="40" CONTENT="sary" />
            <SP ID="SP_10645" HPOS="277" VPOS="2366" WIDTH="32" HEIGHT="0" />
            <String ID="Word_11751" HPOS="310" VPOS="2366" WIDTH="46" HEIGHT="37" CONTENT="to" />
            <SP ID="SP_10646" HPOS="357" VPOS="2377" WIDTH="27" HEIGHT="0" />
            <String ID="Word_11752" HPOS="385" VPOS="2366" WIDTH="180" HEIGHT="49" CONTENT="prevent" />
            <SP ID="SP_10647" HPOS="566" VPOS="2366" WIDTH="30" HEIGHT="0" />
            <String ID="Word_11753" HPOS="597" VPOS="2366" WIDTH="76" HEIGHT="37" CONTENT="the" />
            <SP ID="SP_10648" HPOS="674" VPOS="2377" WIDTH="34" HEIGHT="0" />
            <String ID="Word_11754" HPOS="709" VPOS="2363" WIDTH="220" HEIGHT="40" CONTENT="confusion" />
            <SP ID="SP_10649" HPOS="930" VPOS="2377" WIDTH="36" HEIGHT="0" />
            <String ID="Word_11755" HPOS="967" VPOS="2363" WIDTH="49" HEIGHT="40" CONTENT="of" />
            <SP ID="SP_10650" HPOS="1017" VPOS="2363" WIDTH="27" HEIGHT="0" />
            <String ID="Word_11756" HPOS="1045" VPOS="2362" WIDTH="77" HEIGHT="40" CONTENT="the" />
            <SP ID="SP_10651" HPOS="1123" VPOS="2363" WIDTH="27" HEIGHT="0" />
            <String ID="Word_11757" HPOS="1151" VPOS="2363" WIDTH="163" HEIGHT="52" CONTENT="images" />
            <SP ID="SP_10652" HPOS="1315" VPOS="2376" WIDTH="26" HEIGHT="0" />
            <String ID="Word_11758" HPOS="1342" VPOS="2363" WIDTH="49" HEIGHT="40" CONTENT="of" />
            <SP ID="SP_10653" HPOS="1392" VPOS="2363" WIDTH="24" HEIGHT="0" />
            <String ID="Word_11759" HPOS="1417" VPOS="2363" WIDTH="151" HEIGHT="40" CONTENT="things" />
            <SP ID="SP_10654" HPOS="1569" VPOS="2376" WIDTH="30" HEIGHT="0" />
            <String ID="Word_11760" HPOS="1600" VPOS="2363" WIDTH="105" HEIGHT="40" CONTENT="with" />
            <SP ID="SP_10655" HPOS="1706" VPOS="2363" WIDTH="29" HEIGHT="0" />
            <String ID="Word_11761" HPOS="1736" VPOS="2364" WIDTH="114" HEIGHT="39" CONTENT="their" />
            <SP ID="SP_10656" HPOS="1851" VPOS="2377" WIDTH="29" HEIGHT="0" />
            <String ID="Word_11762" HPOS="1881" VPOS="2364" WIDTH="221" HEIGHT="47" CONTENT="radiation," />
            <SP ID="SP_10657" HPOS="2103" VPOS="2376" WIDTH="31" HEIGHT="0" />
            <String ID="Word_11763" HPOS="2135" VPOS="2376" WIDTH="22" HEIGHT="26" CONTENT="a" />
          </TextLine>
          <TextLine ID="TextLine_1107" HPOS="178" VPOS="2420" WIDTH="1979" HEIGHT="53">
            <String ID="Word_11764" HPOS="178" VPOS="2420" WIDTH="226" HEIGHT="40" CONTENT="confusion" />
            <SP ID="SP_10658" HPOS="405" VPOS="2434" WIDTH="31" HEIGHT="0" />
            <String ID="Word_11765" HPOS="437" VPOS="2421" WIDTH="162" HEIGHT="39" CONTENT="similar" />
            <SP ID="SP_10659" HPOS="600" VPOS="2423" WIDTH="34" HEIGHT="0" />
            <String ID="Word_11766" HPOS="635" VPOS="2423" WIDTH="45" HEIGHT="37" CONTENT="to" />
            <SP ID="SP_10660" HPOS="681" VPOS="2423" WIDTH="27" HEIGHT="0" />
            <String ID="Word_11767" HPOS="709" VPOS="2420" WIDTH="97" HEIGHT="40" CONTENT="that" />
            <SP ID="SP_10661" HPOS="807" VPOS="2422" WIDTH="34" HEIGHT="0" />
            <String ID="Word_11768" HPOS="842" VPOS="2433" WIDTH="63" HEIGHT="27" CONTENT="we" />
            <SP ID="SP_10662" HPOS="906" VPOS="2433" WIDTH="30" HEIGHT="0" />
            <String ID="Word_11769" HPOS="937" VPOS="2420" WIDTH="251" HEIGHT="40" CONTENT="experience" />
            <SP ID="SP_10663" HPOS="1189" VPOS="2421" WIDTH="34" HEIGHT="0" />
            <String ID="Word_11770" HPOS="1224" VPOS="2421" WIDTH="57" HEIGHT="52" CONTENT="by" />
            <SP ID="SP_10664" HPOS="1282" VPOS="2433" WIDTH="27" HEIGHT="0" />
            <String ID="Word_11771" HPOS="1310" VPOS="2433" WIDTH="78" HEIGHT="27" CONTENT="our" />
            <SP ID="SP_10665" HPOS="1389" VPOS="2433" WIDTH="33" HEIGHT="0" />
            <String ID="Word_11772" HPOS="1423" VPOS="2420" WIDTH="185" HEIGHT="40" CONTENT="senses.”" />
            <SP ID="SP_10666" HPOS="1609" VPOS="2420" WIDTH="69" HEIGHT="0" />
            <String ID="Word_11773" HPOS="1679" VPOS="2420" WIDTH="102" HEIGHT="40" CONTENT="This" />
            <SP ID="SP_10667" HPOS="1782" VPOS="2420" WIDTH="31" HEIGHT="0" />
            <String ID="Word_11774" HPOS="1814" VPOS="2420" WIDTH="36" HEIGHT="40" CONTENT="is" />
            <SP ID="SP_10668" HPOS="1851" VPOS="2434" WIDTH="33" HEIGHT="0" />
            <String ID="Word_11775" HPOS="1885" VPOS="2433" WIDTH="131" HEIGHT="27" CONTENT="worse" />
            <SP ID="SP_10669" HPOS="2017" VPOS="2433" WIDTH="32" HEIGHT="0" />
            <String ID="Word_11776" HPOS="2050" VPOS="2420" WIDTH="107" HEIGHT="47" CONTENT="still;" />
          </TextLine>
          <TextLine ID="TextLine_1108" HPOS="177" VPOS="2476" WIDTH="1981" HEIGHT="54">
            <String ID="Word_11777" HPOS="177" VPOS="2480" WIDTH="49" HEIGHT="36" CONTENT="ut" />
            <SP ID="SP_10670" HPOS="227" VPOS="2480" WIDTH="26" HEIGHT="0" />
            <String ID="Word_11778" HPOS="254" VPOS="2477" WIDTH="172" HEIGHT="52" CONTENT="possint" />
            <SP ID="SP_10671" HPOS="427" VPOS="2480" WIDTH="29" HEIGHT="0" />
            <String ID="Word_11779" HPOS="457" VPOS="2491" WIDTH="113" HEIGHT="26" CONTENT="coire" />
            <SP ID="SP_10672" HPOS="571" VPOS="2491" WIDTH="28" HEIGHT="0" />
            <String ID="Word_11780" HPOS="600" VPOS="2490" WIDTH="159" HEIGHT="35" CONTENT="means," />
            <SP ID="SP_10673" HPOS="760" VPOS="2490" WIDTH="29" HEIGHT="0" />
            <String ID="Word_11781" HPOS="790" VPOS="2477" WIDTH="225" HEIGHT="52" CONTENT="certainly," />
            <SP ID="SP_10674" HPOS="1016" VPOS="2479" WIDTH="28" HEIGHT="0" />
            <String ID="Word_11782" HPOS="1045" VPOS="2476" WIDTH="100" HEIGHT="40" CONTENT="that" />
            <SP ID="SP_10675" HPOS="1146" VPOS="2478" WIDTH="30" HEIGHT="0" />
            <String ID="Word_11783" HPOS="1177" VPOS="2478" WIDTH="105" HEIGHT="52" CONTENT="they" />
            <SP ID="SP_10676" HPOS="1283" VPOS="2491" WIDTH="28" HEIGHT="0" />
            <String ID="Word_11784" HPOS="1312" VPOS="2491" WIDTH="99" HEIGHT="38" CONTENT="may" />
            <SP ID="SP_10677" HPOS="1412" VPOS="2490" WIDTH="28" HEIGHT="0" />
            <String ID="Word_11785" HPOS="1441" VPOS="2490" WIDTH="117" HEIGHT="27" CONTENT="come" />
            <SP ID="SP_10678" HPOS="1559" VPOS="2479" WIDTH="28" HEIGHT="0" />
            <String ID="Word_11786" HPOS="1588" VPOS="2479" WIDTH="214" HEIGHT="51" CONTENT="together," />
            <SP ID="SP_10679" HPOS="1803" VPOS="2491" WIDTH="29" HEIGHT="0" />
            <String ID="Word_11787" HPOS="1833" VPOS="2481" WIDTH="77" HEIGHT="36" CONTENT="not" />
            <SP ID="SP_10680" HPOS="1911" VPOS="2481" WIDTH="26" HEIGHT="0" />
            <String ID="Word_11788" HPOS="1938" VPOS="2478" WIDTH="96" HEIGHT="40" CONTENT="that" />
            <SP ID="SP_10681" HPOS="2035" VPOS="2480" WIDTH="24" HEIGHT="0" />
            <String ID="Word_11789" HPOS="2060" VPOS="2477" WIDTH="98" HEIGHT="52" CONTENT="they" />
          </TextLine>
          <TextLine ID="TextLine_1109" HPOS="179" VPOS="2533" WIDTH="1974" HEIGHT="54">
            <String ID="Word_11790" HPOS="179" VPOS="2548" WIDTH="100" HEIGHT="39" CONTENT="may" />
            <SP ID="SP_10682" HPOS="280" VPOS="2548" WIDTH="20" HEIGHT="0" />
            <String ID="Word_11791" HPOS="301" VPOS="2536" WIDTH="77" HEIGHT="38" CONTENT="not" />
            <SP ID="SP_10683" HPOS="379" VPOS="2536" WIDTH="19" HEIGHT="0" />
            <String ID="Word_11792" HPOS="399" VPOS="2534" WIDTH="163" HEIGHT="40" CONTENT="mingle" />
            <SP ID="SP_10684" HPOS="563" VPOS="2547" WIDTH="19" HEIGHT="0" />
            <String ID="Word_11793" HPOS="583" VPOS="2547" WIDTH="47" HEIGHT="27" CONTENT="or" />
            <SP ID="SP_10685" HPOS="631" VPOS="2548" WIDTH="28" HEIGHT="0" />
            <String ID="Word_11794" HPOS="660" VPOS="2547" WIDTH="96" HEIGHT="40" CONTENT="may" />
            <SP ID="SP_10686" HPOS="757" VPOS="2535" WIDTH="19" HEIGHT="0" />
            <String ID="Word_11795" HPOS="777" VPOS="2535" WIDTH="53" HEIGHT="39" CONTENT="be" />
            <SP ID="SP_10687" HPOS="831" VPOS="2547" WIDTH="28" HEIGHT="0" />
            <String ID="Word_11796" HPOS="860" VPOS="2533" WIDTH="240" HEIGHT="53" CONTENT="prevented" />
            <SP ID="SP_10688" HPOS="1101" VPOS="2533" WIDTH="17" HEIGHT="0" />
            <String ID="Word_11797" HPOS="1119" VPOS="2534" WIDTH="112" HEIGHT="39" CONTENT="from" />
            <SP ID="SP_10689" HPOS="1232" VPOS="2547" WIDTH="20" HEIGHT="0" />
            <String ID="Word_11798" HPOS="1253" VPOS="2533" WIDTH="229" HEIGHT="53" CONTENT="mingling." />
            <SP ID="SP_10690" HPOS="1483" VPOS="2535" WIDTH="59" HEIGHT="0" />
            <String ID="Word_11799" HPOS="1543" VPOS="2535" WIDTH="125" HEIGHT="39" CONTENT="After" />
            <SP ID="SP_10691" HPOS="1669" VPOS="2548" WIDTH="23" HEIGHT="0" />
            <String ID="Word_11800" HPOS="1693" VPOS="2535" WIDTH="68" HEIGHT="48" CONTENT="all," />
            <SP ID="SP_10692" HPOS="1762" VPOS="2537" WIDTH="21" HEIGHT="0" />
            <String ID="Word_11801" HPOS="1784" VPOS="2535" WIDTH="74" HEIGHT="39" CONTENT="the" />
            <SP ID="SP_10693" HPOS="1859" VPOS="2536" WIDTH="20" HEIGHT="0" />
            <String ID="Word_11802" HPOS="1880" VPOS="2535" WIDTH="105" HEIGHT="40" CONTENT="95th" />
            <SP ID="SP_10694" HPOS="1986" VPOS="2535" WIDTH="29" HEIGHT="0" />
            <String ID="Word_11803" HPOS="2016" VPOS="2546" WIDTH="137" HEIGHT="41" CONTENT="aphor-" />
          </TextLine>
          <TextLine ID="TextLine_1110" HPOS="179" VPOS="2591" WIDTH="1978" HEIGHT="54">
            <String ID="Word_11804" HPOS="179" VPOS="2591" WIDTH="81" HEIGHT="39" CONTENT="ism" />
            <SP ID="SP_10695" HPOS="261" VPOS="2591" WIDTH="27" HEIGHT="0" />
            <String ID="Word_11805" HPOS="289" VPOS="2591" WIDTH="217" HEIGHT="40" CONTENT="furnishes" />
            <SP ID="SP_10696" HPOS="507" VPOS="2595" WIDTH="25" HEIGHT="0" />
            <String ID="Word_11806" HPOS="533" VPOS="2595" WIDTH="76" HEIGHT="36" CONTENT="the" />
            <SP ID="SP_10697" HPOS="610" VPOS="2605" WIDTH="28" HEIGHT="0" />
            <String ID="Word_11807" HPOS="639" VPOS="2591" WIDTH="180" HEIGHT="40" CONTENT="clearest" />
            <SP ID="SP_10698" HPOS="820" VPOS="2593" WIDTH="30" HEIGHT="0" />
            <String ID="Word_11808" HPOS="851" VPOS="2591" WIDTH="84" HEIGHT="39" CONTENT="and" />
            <SP ID="SP_10699" HPOS="936" VPOS="2591" WIDTH="32" HEIGHT="0" />
            <String ID="Word_11809" HPOS="969" VPOS="2591" WIDTH="140" HEIGHT="39" CONTENT="surest" />
            <SP ID="SP_10700" HPOS="1110" VPOS="2591" WIDTH="27" HEIGHT="0" />
            <String ID="Word_11810" HPOS="1138" VPOS="2603" WIDTH="294" HEIGHT="41" CONTENT="commentary" />
            <SP ID="SP_10701" HPOS="1433" VPOS="2604" WIDTH="21" HEIGHT="0" />
            <String ID="Word_11811" HPOS="1455" VPOS="2604" WIDTH="53" HEIGHT="26" CONTENT="on" />
            <SP ID="SP_10702" HPOS="1509" VPOS="2593" WIDTH="21" HEIGHT="0" />
            <String ID="Word_11812" HPOS="1531" VPOS="2593" WIDTH="75" HEIGHT="38" CONTENT="the" />
            <SP ID="SP_10703" HPOS="1607" VPOS="2604" WIDTH="28" HEIGHT="0" />
            <String ID="Word_11813" HPOS="1636" VPOS="2595" WIDTH="264" HEIGHT="48" CONTENT="passage—“" />
            <SP ID="SP_10704" HPOS="1901" VPOS="2592" WIDTH="15" HEIGHT="0" />
            <String ID="Word_11814" HPOS="1917" VPOS="2592" WIDTH="132" HEIGHT="39" CONTENT="Those" />
            <SP ID="SP_10705" HPOS="2050" VPOS="2604" WIDTH="19" HEIGHT="0" />
            <String ID="Word_11815" HPOS="2070" VPOS="2603" WIDTH="87" HEIGHT="27" CONTENT="who" />
          </TextLine>
          <TextLine ID="TextLine_1111" HPOS="180" VPOS="2647" WIDTH="1977" HEIGHT="54">
            <String ID="Word_11816" HPOS="180" VPOS="2648" WIDTH="109" HEIGHT="40" CONTENT="have" />
            <SP ID="SP_10706" HPOS="290" VPOS="2651" WIDTH="37" HEIGHT="0" />
            <String ID="Word_11817" HPOS="328" VPOS="2649" WIDTH="170" HEIGHT="39" CONTENT="treated" />
            <SP ID="SP_10707" HPOS="499" VPOS="2649" WIDTH="28" HEIGHT="0" />
            <String ID="Word_11818" HPOS="528" VPOS="2651" WIDTH="76" HEIGHT="37" CONTENT="the" />
            <SP ID="SP_10708" HPOS="605" VPOS="2661" WIDTH="33" HEIGHT="0" />
            <String ID="Word_11819" HPOS="639" VPOS="2661" WIDTH="185" HEIGHT="27" CONTENT="sciences" />
            <SP ID="SP_10709" HPOS="825" VPOS="2661" WIDTH="34" HEIGHT="0" />
            <String ID="Word_11820" HPOS="860" VPOS="2661" WIDTH="111" HEIGHT="27" CONTENT="were" />
            <SP ID="SP_10710" HPOS="972" VPOS="2660" WIDTH="31" HEIGHT="0" />
            <String ID="Word_11821" HPOS="1004" VPOS="2650" WIDTH="141" HEIGHT="37" CONTENT="either" />
            <SP ID="SP_10711" HPOS="1146" VPOS="2660" WIDTH="35" HEIGHT="0" />
            <String ID="Word_11822" HPOS="1182" VPOS="2648" WIDTH="198" HEIGHT="52" CONTENT="empirics" />
            <SP ID="SP_10712" HPOS="1381" VPOS="2661" WIDTH="37" HEIGHT="0" />
            <String ID="Word_11823" HPOS="1419" VPOS="2662" WIDTH="48" HEIGHT="25" CONTENT="or" />
            <SP ID="SP_10713" HPOS="1468" VPOS="2662" WIDTH="29" HEIGHT="0" />
            <String ID="Word_11824" HPOS="1498" VPOS="2647" WIDTH="277" HEIGHT="41" CONTENT="rationalists." />
            <SP ID="SP_10714" HPOS="1776" VPOS="2649" WIDTH="59" HEIGHT="0" />
            <String ID="Word_11825" HPOS="1836" VPOS="2649" WIDTH="89" HEIGHT="39" CONTENT="The" />
            <SP ID="SP_10715" HPOS="1926" VPOS="2661" WIDTH="30" HEIGHT="0" />
            <String ID="Word_11826" HPOS="1957" VPOS="2660" WIDTH="200" HEIGHT="34" CONTENT="empirics," />
          </TextLine>
          <TextLine ID="TextLine_1112" HPOS="179" VPOS="2704" WIDTH="1978" HEIGHT="54">
            <String ID="Word_11827" HPOS="179" VPOS="2705" WIDTH="88" HEIGHT="39" CONTENT="like" />
            <SP ID="SP_10716" HPOS="268" VPOS="2717" WIDTH="34" HEIGHT="0" />
            <String ID="Word_11828" HPOS="303" VPOS="2707" WIDTH="111" HEIGHT="46" CONTENT="ants," />
            <SP ID="SP_10717" HPOS="415" VPOS="2719" WIDTH="33" HEIGHT="0" />
            <String ID="Word_11829" HPOS="449" VPOS="2706" WIDTH="100" HEIGHT="52" CONTENT="only" />
            <SP ID="SP_10718" HPOS="550" VPOS="2706" WIDTH="26" HEIGHT="0" />
            <String ID="Word_11830" HPOS="577" VPOS="2706" WIDTH="71" HEIGHT="52" CONTENT="lay" />
            <SP ID="SP_10719" HPOS="649" VPOS="2719" WIDTH="28" HEIGHT="0" />
            <String ID="Word_11831" HPOS="678" VPOS="2719" WIDTH="58" HEIGHT="38" CONTENT="up" />
            <SP ID="SP_10720" HPOS="737" VPOS="2719" WIDTH="24" HEIGHT="0" />
            <String ID="Word_11832" HPOS="762" VPOS="2707" WIDTH="133" HEIGHT="37" CONTENT="stores" />
            <SP ID="SP_10721" HPOS="896" VPOS="2718" WIDTH="31" HEIGHT="0" />
            <String ID="Word_11833" HPOS="928" VPOS="2705" WIDTH="85" HEIGHT="39" CONTENT="and" />
            <SP ID="SP_10722" HPOS="1014" VPOS="2705" WIDTH="28" HEIGHT="0" />
            <String ID="Word_11834" HPOS="1043" VPOS="2717" WIDTH="73" HEIGHT="26" CONTENT="use" />
            <SP ID="SP_10723" HPOS="1117" VPOS="2706" WIDTH="30" HEIGHT="0" />
            <String ID="Word_11835" HPOS="1148" VPOS="2706" WIDTH="146" HEIGHT="46" CONTENT="them;" />
            <SP ID="SP_10724" HPOS="1295" VPOS="2707" WIDTH="29" HEIGHT="0" />
            <String ID="Word_11836" HPOS="1325" VPOS="2707" WIDTH="77" HEIGHT="39" CONTENT="the" />
            <SP ID="SP_10725" HPOS="1403" VPOS="2718" WIDTH="33" HEIGHT="0" />
            <String ID="Word_11837" HPOS="1437" VPOS="2704" WIDTH="279" HEIGHT="49" CONTENT="rationalists," />
            <SP ID="SP_10726" HPOS="1717" VPOS="2705" WIDTH="28" HEIGHT="0" />
            <String ID="Word_11838" HPOS="1746" VPOS="2705" WIDTH="86" HEIGHT="40" CONTENT="like" />
            <SP ID="SP_10727" HPOS="1833" VPOS="2718" WIDTH="29" HEIGHT="0" />
            <String ID="Word_11839" HPOS="1863" VPOS="2705" WIDTH="172" HEIGHT="52" CONTENT="spiders," />
            <SP ID="SP_10728" HPOS="2036" VPOS="2718" WIDTH="33" HEIGHT="0" />
            <String ID="Word_11840" HPOS="2070" VPOS="2717" WIDTH="87" HEIGHT="39" CONTENT="spin" />
          </TextLine>
          <TextLine ID="TextLine_1113" HPOS="179" VPOS="2761" WIDTH="1979" HEIGHT="53">
            <String ID="Word_11841" HPOS="179" VPOS="2775" WIDTH="115" HEIGHT="27" CONTENT="webs" />
            <SP ID="SP_10729" HPOS="295" VPOS="2775" WIDTH="39" HEIGHT="0" />
            <String ID="Word_11842" HPOS="335" VPOS="2765" WIDTH="78" HEIGHT="37" CONTENT="out" />
            <SP ID="SP_10730" HPOS="414" VPOS="2765" WIDTH="38" HEIGHT="0" />
            <String ID="Word_11843" HPOS="453" VPOS="2763" WIDTH="49" HEIGHT="39" CONTENT="of" />
            <SP ID="SP_10731" HPOS="503" VPOS="2763" WIDTH="32" HEIGHT="0" />
            <String ID="Word_11844" HPOS="536" VPOS="2763" WIDTH="256" HEIGHT="39" CONTENT="themselves" />
            <SP ID="SP_10732" HPOS="793" VPOS="2776" WIDTH="18" HEIGHT="0" />
            <String ID="Word_11845" HPOS="812" VPOS="2779" WIDTH="12" HEIGHT="30" CONTENT=";" />
            <SP ID="SP_10733" HPOS="825" VPOS="2762" WIDTH="39" HEIGHT="0" />
            <String ID="Word_11846" HPOS="865" VPOS="2762" WIDTH="81" HEIGHT="38" CONTENT="but" />
            <SP ID="SP_10734" HPOS="947" VPOS="2764" WIDTH="34" HEIGHT="0" />
            <String ID="Word_11847" HPOS="982" VPOS="2761" WIDTH="76" HEIGHT="40" CONTENT="the" />
            <SP ID="SP_10735" HPOS="1059" VPOS="2761" WIDTH="38" HEIGHT="0" />
            <String ID="Word_11848" HPOS="1098" VPOS="2761" WIDTH="78" HEIGHT="40" CONTENT="bee" />
            <SP ID="SP_10736" HPOS="1177" VPOS="2764" WIDTH="31" HEIGHT="0" />
            <String ID="Word_11849" HPOS="1209" VPOS="2764" WIDTH="126" HEIGHT="37" CONTENT="takes" />
            <SP ID="SP_10737" HPOS="1336" VPOS="2775" WIDTH="37" HEIGHT="0" />
            <String ID="Word_11850" HPOS="1374" VPOS="2775" WIDTH="25" HEIGHT="26" CONTENT="a" />
            <SP ID="SP_10738" HPOS="1400" VPOS="2775" WIDTH="36" HEIGHT="0" />
            <String ID="Word_11851" HPOS="1437" VPOS="2762" WIDTH="161" HEIGHT="40" CONTENT="middle" />
            <SP ID="SP_10739" HPOS="1599" VPOS="2775" WIDTH="32" HEIGHT="0" />
            <String ID="Word_11852" HPOS="1632" VPOS="2775" WIDTH="159" HEIGHT="34" CONTENT="course," />
            <SP ID="SP_10740" HPOS="1792" VPOS="2775" WIDTH="32" HEIGHT="0" />
            <String ID="Word_11853" HPOS="1825" VPOS="2762" WIDTH="229" HEIGHT="52" CONTENT="gathering" />
            <SP ID="SP_10741" HPOS="2055" VPOS="2762" WIDTH="31" HEIGHT="0" />
            <String ID="Word_11854" HPOS="2087" VPOS="2762" WIDTH="71" HEIGHT="39" CONTENT="her" />
          </TextLine>
          <TextLine ID="TextLine_1114" HPOS="178" VPOS="2818" WIDTH="1981" HEIGHT="53">
            <String ID="Word_11855" HPOS="178" VPOS="2821" WIDTH="163" HEIGHT="38" CONTENT="matter" />
            <SP ID="SP_10742" HPOS="342" VPOS="2819" WIDTH="21" HEIGHT="0" />
            <String ID="Word_11856" HPOS="364" VPOS="2819" WIDTH="110" HEIGHT="40" CONTENT="from" />
            <SP ID="SP_10743" HPOS="475" VPOS="2821" WIDTH="32" HEIGHT="0" />
            <String ID="Word_11857" HPOS="508" VPOS="2820" WIDTH="75" HEIGHT="39" CONTENT="the" />
            <SP ID="SP_10744" HPOS="584" VPOS="2820" WIDTH="26" HEIGHT="0" />
            <String ID="Word_11858" HPOS="611" VPOS="2820" WIDTH="166" HEIGHT="38" CONTENT="flowers" />
            <SP ID="SP_10745" HPOS="778" VPOS="2831" WIDTH="20" HEIGHT="0" />
            <String ID="Word_11859" HPOS="799" VPOS="2818" WIDTH="47" HEIGHT="40" CONTENT="of" />
            <SP ID="SP_10746" HPOS="847" VPOS="2818" WIDTH="24" HEIGHT="0" />
            <String ID="Word_11860" HPOS="872" VPOS="2818" WIDTH="75" HEIGHT="40" CONTENT="the" />
            <SP ID="SP_10747" HPOS="948" VPOS="2818" WIDTH="21" HEIGHT="0" />
            <String ID="Word_11861" HPOS="970" VPOS="2818" WIDTH="100" HEIGHT="39" CONTENT="field" />
            <SP ID="SP_10748" HPOS="1071" VPOS="2818" WIDTH="30" HEIGHT="0" />
            <String ID="Word_11862" HPOS="1102" VPOS="2818" WIDTH="86" HEIGHT="39" CONTENT="and" />
            <SP ID="SP_10749" HPOS="1189" VPOS="2818" WIDTH="26" HEIGHT="0" />
            <String ID="Word_11863" HPOS="1216" VPOS="2818" WIDTH="178" HEIGHT="53" CONTENT="garden," />
            <SP ID="SP_10750" HPOS="1395" VPOS="2831" WIDTH="21" HEIGHT="0" />
            <String ID="Word_11864" HPOS="1417" VPOS="2818" WIDTH="86" HEIGHT="39" CONTENT="and" />
            <SP ID="SP_10751" HPOS="1504" VPOS="2818" WIDTH="18" HEIGHT="0" />
            <String ID="Word_11865" HPOS="1523" VPOS="2819" WIDTH="221" HEIGHT="52" CONTENT="digesting" />
            <SP ID="SP_10752" HPOS="1745" VPOS="2832" WIDTH="25" HEIGHT="0" />
            <String ID="Word_11866" HPOS="1771" VPOS="2819" WIDTH="85" HEIGHT="39" CONTENT="and" />
            <SP ID="SP_10753" HPOS="1857" VPOS="2819" WIDTH="24" HEIGHT="0" />
            <String ID="Word_11867" HPOS="1882" VPOS="2831" WIDTH="225" HEIGHT="40" CONTENT="preparing" />
            <SP ID="SP_10754" HPOS="2108" VPOS="2818" WIDTH="19" HEIGHT="0" />
            <String ID="Word_11868" HPOS="2128" VPOS="2818" WIDTH="31" HEIGHT="38" CONTENT="it" />
          </TextLine>
          <TextLine ID="TextLine_1115" HPOS="178" VPOS="2874" WIDTH="1979" HEIGHT="55">
            <String ID="Word_11869" HPOS="178" VPOS="2876" WIDTH="59" HEIGHT="53" CONTENT="by" />
            <SP ID="SP_10755" HPOS="238" VPOS="2876" WIDTH="19" HEIGHT="0" />
            <String ID="Word_11870" HPOS="258" VPOS="2876" WIDTH="78" HEIGHT="39" CONTENT="her" />
            <SP ID="SP_10756" HPOS="337" VPOS="2890" WIDTH="25" HEIGHT="0" />
            <String ID="Word_11871" HPOS="363" VPOS="2878" WIDTH="148" HEIGHT="38" CONTENT="native" />
            <SP ID="SP_10757" HPOS="512" VPOS="2889" WIDTH="20" HEIGHT="0" />
            <String ID="Word_11872" HPOS="533" VPOS="2889" WIDTH="176" HEIGHT="39" CONTENT="powers." />
            <SP ID="SP_10758" HPOS="710" VPOS="2876" WIDTH="61" HEIGHT="0" />
            <String ID="Word_11873" HPOS="772" VPOS="2876" WIDTH="54" HEIGHT="38" CONTENT="In" />
            <SP ID="SP_10759" HPOS="827" VPOS="2876" WIDTH="28" HEIGHT="0" />
            <String ID="Word_11874" HPOS="856" VPOS="2876" WIDTH="88" HEIGHT="38" CONTENT="like" />
            <SP ID="SP_10760" HPOS="945" VPOS="2888" WIDTH="29" HEIGHT="0" />
            <String ID="Word_11875" HPOS="975" VPOS="2888" WIDTH="193" HEIGHT="35" CONTENT="manner," />
            <SP ID="SP_10761" HPOS="1169" VPOS="2878" WIDTH="22" HEIGHT="0" />
            <String ID="Word_11876" HPOS="1192" VPOS="2875" WIDTH="100" HEIGHT="40" CONTENT="that" />
            <SP ID="SP_10762" HPOS="1293" VPOS="2875" WIDTH="29" HEIGHT="0" />
            <String ID="Word_11877" HPOS="1323" VPOS="2875" WIDTH="35" HEIGHT="39" CONTENT="is" />
            <SP ID="SP_10763" HPOS="1359" VPOS="2877" WIDTH="28" HEIGHT="0" />
            <String ID="Word_11878" HPOS="1388" VPOS="2877" WIDTH="76" HEIGHT="38" CONTENT="the" />
            <SP ID="SP_10764" HPOS="1465" VPOS="2877" WIDTH="28" HEIGHT="0" />
            <String ID="Word_11879" HPOS="1494" VPOS="2877" WIDTH="97" HEIGHT="38" CONTENT="true" />
            <SP ID="SP_10765" HPOS="1592" VPOS="2889" WIDTH="20" HEIGHT="0" />
            <String ID="Word_11880" HPOS="1613" VPOS="2876" WIDTH="117" HEIGHT="40" CONTENT="office" />
            <SP ID="SP_10766" HPOS="1731" VPOS="2889" WIDTH="29" HEIGHT="0" />
            <String ID="Word_11881" HPOS="1761" VPOS="2876" WIDTH="85" HEIGHT="39" CONTENT="and" />
            <SP ID="SP_10767" HPOS="1847" VPOS="2876" WIDTH="18" HEIGHT="0" />
            <String ID="Word_11882" HPOS="1866" VPOS="2875" WIDTH="115" HEIGHT="40" CONTENT="work" />
            <SP ID="SP_10768" HPOS="1982" VPOS="2875" WIDTH="20" HEIGHT="0" />
            <String ID="Word_11883" HPOS="2003" VPOS="2875" WIDTH="46" HEIGHT="39" CONTENT="of" />
            <SP ID="SP_10769" HPOS="2050" VPOS="2875" WIDTH="21" HEIGHT="0" />
            <String ID="Word_11884" HPOS="2072" VPOS="2874" WIDTH="85" HEIGHT="53" CONTENT="phi-" />
          </TextLine>
          <TextLine ID="TextLine_1116" HPOS="178" VPOS="2931" WIDTH="1979" HEIGHT="55">
            <String ID="Word_11885" HPOS="178" VPOS="2931" WIDTH="181" HEIGHT="55" CONTENT="losophy" />
            <SP ID="SP_10770" HPOS="360" VPOS="2946" WIDTH="23" HEIGHT="0" />
            <String ID="Word_11886" HPOS="384" VPOS="2933" WIDTH="151" HEIGHT="48" CONTENT="which," />
            <SP ID="SP_10771" HPOS="536" VPOS="2947" WIDTH="19" HEIGHT="0" />
            <String ID="Word_11887" HPOS="556" VPOS="2935" WIDTH="78" HEIGHT="38" CONTENT="not" />
            <SP ID="SP_10772" HPOS="635" VPOS="2935" WIDTH="28" HEIGHT="0" />
            <String ID="Word_11888" HPOS="664" VPOS="2932" WIDTH="197" HEIGHT="53" CONTENT="trusting" />
            <SP ID="SP_10773" HPOS="862" VPOS="2933" WIDTH="27" HEIGHT="0" />
            <String ID="Word_11889" HPOS="890" VPOS="2933" WIDTH="74" HEIGHT="38" CONTENT="too" />
            <SP ID="SP_10774" HPOS="965" VPOS="2945" WIDTH="19" HEIGHT="0" />
            <String ID="Word_11890" HPOS="985" VPOS="2932" WIDTH="129" HEIGHT="39" CONTENT="much" />
            <SP ID="SP_10775" HPOS="1115" VPOS="2932" WIDTH="34" HEIGHT="0" />
            <String ID="Word_11891" HPOS="1150" VPOS="2934" WIDTH="47" HEIGHT="37" CONTENT="to" />
            <SP ID="SP_10776" HPOS="1198" VPOS="2934" WIDTH="19" HEIGHT="0" />
            <String ID="Word_11892" HPOS="1218" VPOS="2932" WIDTH="76" HEIGHT="40" CONTENT="the" />
            <SP ID="SP_10777" HPOS="1295" VPOS="2932" WIDTH="20" HEIGHT="0" />
            <String ID="Word_11893" HPOS="1316" VPOS="2932" WIDTH="197" HEIGHT="40" CONTENT="faculties" />
            <SP ID="SP_10778" HPOS="1514" VPOS="2945" WIDTH="18" HEIGHT="0" />
            <String ID="Word_11894" HPOS="1533" VPOS="2933" WIDTH="48" HEIGHT="39" CONTENT="of" />
            <SP ID="SP_10779" HPOS="1582" VPOS="2933" WIDTH="21" HEIGHT="0" />
            <String ID="Word_11895" HPOS="1604" VPOS="2934" WIDTH="76" HEIGHT="39" CONTENT="the" />
            <SP ID="SP_10780" HPOS="1681" VPOS="2946" WIDTH="28" HEIGHT="0" />
            <String ID="Word_11896" HPOS="1710" VPOS="2932" WIDTH="133" HEIGHT="49" CONTENT="mind," />
            <SP ID="SP_10781" HPOS="1844" VPOS="2932" WIDTH="20" HEIGHT="0" />
            <String ID="Word_11897" HPOS="1865" VPOS="2932" WIDTH="98" HEIGHT="40" CONTENT="does" />
            <SP ID="SP_10782" HPOS="1964" VPOS="2945" WIDTH="27" HEIGHT="0" />
            <String ID="Word_11898" HPOS="1992" VPOS="2935" WIDTH="74" HEIGHT="36" CONTENT="not" />
            <SP ID="SP_10783" HPOS="2067" VPOS="2931" WIDTH="26" HEIGHT="0" />
            <String ID="Word_11899" HPOS="2094" VPOS="2931" WIDTH="63" HEIGHT="52" CONTENT="lay" />
          </TextLine>
          <TextLine ID="TextLine_1117" HPOS="179" VPOS="2989" WIDTH="1980" HEIGHT="54">
            <String ID="Word_11900" HPOS="179" VPOS="3003" WIDTH="57" HEIGHT="38" CONTENT="up" />
            <SP ID="SP_10784" HPOS="237" VPOS="2994" WIDTH="27" HEIGHT="0" />
            <String ID="Word_11901" HPOS="265" VPOS="2994" WIDTH="75" HEIGHT="35" CONTENT="the" />
            <SP ID="SP_10785" HPOS="341" VPOS="3003" WIDTH="32" HEIGHT="0" />
            <String ID="Word_11902" HPOS="374" VPOS="2991" WIDTH="175" HEIGHT="47" CONTENT="matter," />
            <SP ID="SP_10786" HPOS="550" VPOS="3004" WIDTH="21" HEIGHT="0" />
            <String ID="Word_11903" HPOS="572" VPOS="2989" WIDTH="190" HEIGHT="40" CONTENT="afforded" />
            <SP ID="SP_10787" HPOS="763" VPOS="2989" WIDTH="24" HEIGHT="0" />
            <String ID="Word_11904" HPOS="788" VPOS="2989" WIDTH="56" HEIGHT="53" CONTENT="by" />
            <SP ID="SP_10788" HPOS="845" VPOS="3002" WIDTH="30" HEIGHT="0" />
            <String ID="Word_11905" HPOS="876" VPOS="2989" WIDTH="176" HEIGHT="39" CONTENT="natural" />
            <SP ID="SP_10789" HPOS="1053" VPOS="2989" WIDTH="23" HEIGHT="0" />
            <String ID="Word_11906" HPOS="1077" VPOS="2989" WIDTH="170" HEIGHT="54" CONTENT="history" />
            <SP ID="SP_10790" HPOS="1248" VPOS="3002" WIDTH="23" HEIGHT="0" />
            <String ID="Word_11907" HPOS="1272" VPOS="2989" WIDTH="84" HEIGHT="39" CONTENT="and" />
            <SP ID="SP_10791" HPOS="1357" VPOS="2989" WIDTH="24" HEIGHT="0" />
            <String ID="Word_11908" HPOS="1382" VPOS="2989" WIDTH="264" HEIGHT="40" CONTENT="mechanical" />
            <SP ID="SP_10792" HPOS="1647" VPOS="2989" WIDTH="25" HEIGHT="0" />
            <String ID="Word_11909" HPOS="1673" VPOS="3002" WIDTH="259" HEIGHT="40" CONTENT="experience," />
            <SP ID="SP_10793" HPOS="1933" VPOS="3002" WIDTH="20" HEIGHT="0" />
            <String ID="Word_11910" HPOS="1954" VPOS="2992" WIDTH="134" HEIGHT="38" CONTENT="entire" />
            <SP ID="SP_10794" HPOS="2089" VPOS="3001" WIDTH="25" HEIGHT="0" />
            <String ID="Word_11911" HPOS="2115" VPOS="3000" WIDTH="44" HEIGHT="27" CONTENT="or" />
          </TextLine>
          <TextLine ID="TextLine_1118" HPOS="177" VPOS="3043" WIDTH="1980" HEIGHT="56">
            <String ID="Word_11912" HPOS="177" VPOS="3045" WIDTH="285" HEIGHT="41" CONTENT="unfashioned" />
            <SP ID="SP_10795" HPOS="463" VPOS="3047" WIDTH="25" HEIGHT="0" />
            <String ID="Word_11913" HPOS="489" VPOS="3047" WIDTH="44" HEIGHT="39" CONTENT="in" />
            <SP ID="SP_10796" HPOS="534" VPOS="3049" WIDTH="27" HEIGHT="0" />
            <String ID="Word_11914" HPOS="562" VPOS="3049" WIDTH="77" HEIGHT="38" CONTENT="the" />
            <SP ID="SP_10797" HPOS="640" VPOS="3060" WIDTH="25" HEIGHT="0" />
            <String ID="Word_11915" HPOS="666" VPOS="3059" WIDTH="209" HEIGHT="40" CONTENT="memory," />
            <SP ID="SP_10798" HPOS="876" VPOS="3046" WIDTH="20" HEIGHT="0" />
            <String ID="Word_11916" HPOS="897" VPOS="3046" WIDTH="80" HEIGHT="39" CONTENT="but" />
            <SP ID="SP_10799" HPOS="978" VPOS="3048" WIDTH="22" HEIGHT="0" />
            <String ID="Word_11917" HPOS="1001" VPOS="3048" WIDTH="219" HEIGHT="38" CONTENT="treasures" />
            <SP ID="SP_10800" HPOS="1221" VPOS="3045" WIDTH="25" HEIGHT="0" />
            <String ID="Word_11918" HPOS="1247" VPOS="3045" WIDTH="37" HEIGHT="40" CONTENT="it" />
            <SP ID="SP_10801" HPOS="1285" VPOS="3048" WIDTH="27" HEIGHT="0" />
            <String ID="Word_11919" HPOS="1313" VPOS="3046" WIDTH="112" HEIGHT="39" CONTENT="after" />
            <SP ID="SP_10802" HPOS="1426" VPOS="3047" WIDTH="29" HEIGHT="0" />
            <String ID="Word_11920" HPOS="1456" VPOS="3045" WIDTH="130" HEIGHT="54" CONTENT="being" />
            <SP ID="SP_10803" HPOS="1587" VPOS="3046" WIDTH="25" HEIGHT="0" />
            <String ID="Word_11921" HPOS="1613" VPOS="3046" WIDTH="95" HEIGHT="40" CONTENT="first" />
            <SP ID="SP_10804" HPOS="1709" VPOS="3049" WIDTH="26" HEIGHT="0" />
            <String ID="Word_11922" HPOS="1736" VPOS="3046" WIDTH="241" HEIGHT="40" CONTENT="elaborated" />
            <SP ID="SP_10805" HPOS="1978" VPOS="3046" WIDTH="19" HEIGHT="0" />
            <String ID="Word_11923" HPOS="1998" VPOS="3044" WIDTH="82" HEIGHT="41" CONTENT="and" />
            <SP ID="SP_10806" HPOS="2081" VPOS="3044" WIDTH="20" HEIGHT="0" />
            <String ID="Word_11924" HPOS="2102" VPOS="3043" WIDTH="55" HEIGHT="40" CONTENT="di-" />
          </TextLine>
          <TextLine ID="TextLine_1119" HPOS="178" VPOS="3102" WIDTH="1980" HEIGHT="54">
            <String ID="Word_11925" HPOS="178" VPOS="3103" WIDTH="153" HEIGHT="52" CONTENT="gested" />
            <SP ID="SP_10807" HPOS="332" VPOS="3103" WIDTH="29" HEIGHT="0" />
            <String ID="Word_11926" HPOS="362" VPOS="3103" WIDTH="46" HEIGHT="39" CONTENT="in" />
            <SP ID="SP_10808" HPOS="409" VPOS="3106" WIDTH="28" HEIGHT="0" />
            <String ID="Word_11927" HPOS="438" VPOS="3106" WIDTH="75" HEIGHT="37" CONTENT="the" />
            <SP ID="SP_10809" HPOS="514" VPOS="3117" WIDTH="29" HEIGHT="0" />
            <String ID="Word_11928" HPOS="544" VPOS="3103" WIDTH="358" HEIGHT="40" CONTENT="understanding." />
            <SP ID="SP_10810" HPOS="903" VPOS="3103" WIDTH="57" HEIGHT="0" />
            <String ID="Word_11929" HPOS="961" VPOS="3103" WIDTH="112" HEIGHT="45" CONTENT="And," />
            <SP ID="SP_10811" HPOS="1074" VPOS="3107" WIDTH="21" HEIGHT="0" />
            <String ID="Word_11930" HPOS="1096" VPOS="3105" WIDTH="229" HEIGHT="45" CONTENT="therefore," />
            <SP ID="SP_10812" HPOS="1326" VPOS="3116" WIDTH="22" HEIGHT="0" />
            <String ID="Word_11931" HPOS="1349" VPOS="3115" WIDTH="61" HEIGHT="27" CONTENT="we" />
            <SP ID="SP_10813" HPOS="1411" VPOS="3102" WIDTH="30" HEIGHT="0" />
            <String ID="Word_11932" HPOS="1442" VPOS="3102" WIDTH="111" HEIGHT="40" CONTENT="have" />
            <SP ID="SP_10814" HPOS="1554" VPOS="3115" WIDTH="28" HEIGHT="0" />
            <String ID="Word_11933" HPOS="1583" VPOS="3115" WIDTH="24" HEIGHT="26" CONTENT="a" />
            <SP ID="SP_10815" HPOS="1608" VPOS="3115" WIDTH="25" HEIGHT="0" />
            <String ID="Word_11934" HPOS="1634" VPOS="3103" WIDTH="112" HEIGHT="52" CONTENT="good" />
            <SP ID="SP_10816" HPOS="1747" VPOS="3103" WIDTH="30" HEIGHT="0" />
            <String ID="Word_11935" HPOS="1778" VPOS="3103" WIDTH="167" HEIGHT="53" CONTENT="ground" />
            <SP ID="SP_10817" HPOS="1946" VPOS="3103" WIDTH="24" HEIGHT="0" />
            <String ID="Word_11936" HPOS="1971" VPOS="3103" WIDTH="48" HEIGHT="39" CONTENT="of" />
            <SP ID="SP_10818" HPOS="2020" VPOS="3102" WIDTH="23" HEIGHT="0" />
            <String ID="Word_11937" HPOS="2044" VPOS="3102" WIDTH="114" HEIGHT="45" CONTENT="hope," />
          </TextLine>
          <TextLine ID="TextLine_1120" HPOS="179" VPOS="3156" WIDTH="1979" HEIGHT="56">
            <String ID="Word_11938" HPOS="179" VPOS="3160" WIDTH="111" HEIGHT="39" CONTENT="from" />
            <SP ID="SP_10819" HPOS="291" VPOS="3162" WIDTH="27" HEIGHT="0" />
            <String ID="Word_11939" HPOS="319" VPOS="3162" WIDTH="74" HEIGHT="37" CONTENT="the" />
            <SP ID="SP_10820" HPOS="394" VPOS="3173" WIDTH="28" HEIGHT="0" />
            <String ID="Word_11940" HPOS="423" VPOS="3160" WIDTH="109" HEIGHT="40" CONTENT="close" />
            <SP ID="SP_10821" HPOS="533" VPOS="3173" WIDTH="31" HEIGHT="0" />
            <String ID="Word_11941" HPOS="565" VPOS="3161" WIDTH="85" HEIGHT="38" CONTENT="and" />
            <SP ID="SP_10822" HPOS="651" VPOS="3161" WIDTH="26" HEIGHT="0" />
            <String ID="Word_11942" HPOS="678" VPOS="3160" WIDTH="126" HEIGHT="39" CONTENT="strict" />
            <SP ID="SP_10823" HPOS="805" VPOS="3164" WIDTH="26" HEIGHT="0" />
            <String ID="Word_11943" HPOS="832" VPOS="3159" WIDTH="134" HEIGHT="40" CONTENT="union" />
            <SP ID="SP_10824" HPOS="967" VPOS="3173" WIDTH="30" HEIGHT="0" />
            <String ID="Word_11944" HPOS="998" VPOS="3159" WIDTH="49" HEIGHT="40" CONTENT="of" />
            <SP ID="SP_10825" HPOS="1048" VPOS="3159" WIDTH="20" HEIGHT="0" />
            <String ID="Word_11945" HPOS="1069" VPOS="3162" WIDTH="75" HEIGHT="39" CONTENT="the" />
            <SP ID="SP_10826" HPOS="1145" VPOS="3174" WIDTH="26" HEIGHT="0" />
            <String ID="Word_11946" HPOS="1172" VPOS="3159" WIDTH="310" HEIGHT="41" CONTENT="experimental" />
            <SP ID="SP_10827" HPOS="1483" VPOS="3160" WIDTH="22" HEIGHT="0" />
            <String ID="Word_11947" HPOS="1506" VPOS="3160" WIDTH="85" HEIGHT="39" CONTENT="and" />
            <SP ID="SP_10828" HPOS="1592" VPOS="3160" WIDTH="27" HEIGHT="0" />
            <String ID="Word_11948" HPOS="1620" VPOS="3161" WIDTH="185" HEIGHT="38" CONTENT="rational" />
            <SP ID="SP_10829" HPOS="1806" VPOS="3159" WIDTH="23" HEIGHT="0" />
            <String ID="Word_11949" HPOS="1830" VPOS="3159" WIDTH="176" HEIGHT="52" CONTENT="faculty," />
            <SP ID="SP_10830" HPOS="2007" VPOS="3172" WIDTH="21" HEIGHT="0" />
            <String ID="Word_11950" HPOS="2029" VPOS="3156" WIDTH="129" HEIGHT="41" CONTENT="which" />
          </TextLine>
          <TextLine ID="TextLine_1121" HPOS="180" VPOS="3216" WIDTH="1978" HEIGHT="52">
            <String ID="Word_11951" HPOS="180" VPOS="3217" WIDTH="110" HEIGHT="40" CONTENT="have" />
            <SP ID="SP_10831" HPOS="291" VPOS="3229" WIDTH="26" HEIGHT="0" />
            <String ID="Word_11952" HPOS="318" VPOS="3219" WIDTH="78" HEIGHT="37" CONTENT="not" />
            <SP ID="SP_10832" HPOS="397" VPOS="3217" WIDTH="33" HEIGHT="0" />
            <String ID="Word_11953" HPOS="431" VPOS="3217" WIDTH="197" HEIGHT="40" CONTENT="hitherto" />
            <SP ID="SP_10833" HPOS="629" VPOS="3217" WIDTH="33" HEIGHT="0" />
            <String ID="Word_11954" HPOS="663" VPOS="3217" WIDTH="107" HEIGHT="39" CONTENT="been" />
            <SP ID="SP_10834" HPOS="771" VPOS="3229" WIDTH="30" HEIGHT="0" />
            <String ID="Word_11955" HPOS="802" VPOS="3218" WIDTH="196" HEIGHT="37" CONTENT="united.”" />
            <SP ID="SP_10835" HPOS="999" VPOS="3216" WIDTH="61" HEIGHT="0" />
            <String ID="Word_11956" HPOS="1061" VPOS="3216" WIDTH="52" HEIGHT="40" CONTENT="In" />
            <SP ID="SP_10836" HPOS="1114" VPOS="3221" WIDTH="27" HEIGHT="0" />
            <String ID="Word_11957" HPOS="1142" VPOS="3221" WIDTH="75" HEIGHT="36" CONTENT="the" />
            <SP ID="SP_10837" HPOS="1218" VPOS="3230" WIDTH="20" HEIGHT="0" />
            <String ID="Word_11958" HPOS="1239" VPOS="3229" WIDTH="102" HEIGHT="39" CONTENT="very" />
            <SP ID="SP_10838" HPOS="1342" VPOS="3229" WIDTH="19" HEIGHT="0" />
            <String ID="Word_11959" HPOS="1362" VPOS="3216" WIDTH="120" HEIGHT="52" CONTENT="place" />
            <SP ID="SP_10839" HPOS="1483" VPOS="3229" WIDTH="27" HEIGHT="0" />
            <String ID="Word_11960" HPOS="1511" VPOS="3216" WIDTH="141" HEIGHT="41" CONTENT="where" />
            <SP ID="SP_10840" HPOS="1653" VPOS="3219" WIDTH="22" HEIGHT="0" />
            <String ID="Word_11961" HPOS="1676" VPOS="3219" WIDTH="75" HEIGHT="37" CONTENT="the" />
            <SP ID="SP_10841" HPOS="1752" VPOS="3230" WIDTH="30" HEIGHT="0" />
            <String ID="Word_11962" HPOS="1783" VPOS="3217" WIDTH="174" HEIGHT="39" CONTENT="obscure" />
            <SP ID="SP_10842" HPOS="1958" VPOS="3228" WIDTH="31" HEIGHT="0" />
            <String ID="Word_11963" HPOS="1990" VPOS="3225" WIDTH="168" HEIGHT="42" CONTENT="passage" />
          </TextLine>
          <TextLine ID="TextLine_1122" HPOS="180" VPOS="3272" WIDTH="1978" HEIGHT="54">
            <String ID="Word_11964" HPOS="180" VPOS="3286" WIDTH="159" HEIGHT="35" CONTENT="occurs," />
            <SP ID="SP_10843" HPOS="340" VPOS="3273" WIDTH="20" HEIGHT="0" />
            <String ID="Word_11965" HPOS="361" VPOS="3273" WIDTH="55" HEIGHT="41" CONTENT="he" />
            <SP ID="SP_10844" HPOS="417" VPOS="3286" WIDTH="28" HEIGHT="0" />
            <String ID="Word_11966" HPOS="446" VPOS="3286" WIDTH="107" HEIGHT="40" CONTENT="says," />
            <SP ID="SP_10845" HPOS="554" VPOS="3287" WIDTH="21" HEIGHT="0" />
            <String ID="Word_11967" HPOS="576" VPOS="3273" WIDTH="113" HEIGHT="39" CONTENT="after" />
            <SP ID="SP_10846" HPOS="690" VPOS="3286" WIDTH="26" HEIGHT="0" />
            <String ID="Word_11968" HPOS="717" VPOS="3273" WIDTH="208" HEIGHT="52" CONTENT="speaking" />
            <SP ID="SP_10847" HPOS="926" VPOS="3285" WIDTH="26" HEIGHT="0" />
            <String ID="Word_11969" HPOS="953" VPOS="3273" WIDTH="49" HEIGHT="39" CONTENT="of" />
            <SP ID="SP_10848" HPOS="1003" VPOS="3273" WIDTH="21" HEIGHT="0" />
            <String ID="Word_11970" HPOS="1025" VPOS="3274" WIDTH="75" HEIGHT="40" CONTENT="the" />
            <SP ID="SP_10849" HPOS="1101" VPOS="3274" WIDTH="26" HEIGHT="0" />
            <String ID="Word_11971" HPOS="1128" VPOS="3272" WIDTH="287" HEIGHT="41" CONTENT="inauspicious" />
            <SP ID="SP_10850" HPOS="1416" VPOS="3273" WIDTH="26" HEIGHT="0" />
            <String ID="Word_11972" HPOS="1443" VPOS="3273" WIDTH="169" HEIGHT="40" CONTENT="divorce" />
            <SP ID="SP_10851" HPOS="1613" VPOS="3286" WIDTH="25" HEIGHT="0" />
            <String ID="Word_11973" HPOS="1639" VPOS="3274" WIDTH="165" HEIGHT="52" CONTENT="usually" />
            <SP ID="SP_10852" HPOS="1805" VPOS="3286" WIDTH="19" HEIGHT="0" />
            <String ID="Word_11974" HPOS="1825" VPOS="3273" WIDTH="122" HEIGHT="39" CONTENT="made" />
            <SP ID="SP_10853" HPOS="1948" VPOS="3273" WIDTH="25" HEIGHT="0" />
            <String ID="Word_11975" HPOS="1974" VPOS="3273" WIDTH="184" HEIGHT="39" CONTENT="between" />
          </TextLine>
          <TextLine ID="TextLine_1123" HPOS="179" VPOS="3327" WIDTH="1978" HEIGHT="55">
            <String ID="Word_11976" HPOS="179" VPOS="3330" WIDTH="123" HEIGHT="39" CONTENT="mind" />
            <SP ID="SP_10854" HPOS="303" VPOS="3330" WIDTH="32" HEIGHT="0" />
            <String ID="Word_11977" HPOS="336" VPOS="3330" WIDTH="85" HEIGHT="39" CONTENT="and" />
            <SP ID="SP_10855" HPOS="422" VPOS="3330" WIDTH="31" HEIGHT="0" />
            <String ID="Word_11978" HPOS="454" VPOS="3333" WIDTH="241" HEIGHT="36" CONTENT="nature—“" />
            <SP ID="SP_10856" HPOS="696" VPOS="3330" WIDTH="15" HEIGHT="0" />
            <String ID="Word_11979" HPOS="712" VPOS="3330" WIDTH="88" HEIGHT="39" CONTENT="The" />
            <SP ID="SP_10857" HPOS="801" VPOS="3342" WIDTH="28" HEIGHT="0" />
            <String ID="Word_11980" HPOS="830" VPOS="3329" WIDTH="276" HEIGHT="53" CONTENT="explanation" />
            <SP ID="SP_10858" HPOS="1107" VPOS="3344" WIDTH="31" HEIGHT="0" />
            <String ID="Word_11981" HPOS="1139" VPOS="3330" WIDTH="47" HEIGHT="40" CONTENT="of" />
            <SP ID="SP_10859" HPOS="1187" VPOS="3330" WIDTH="20" HEIGHT="0" />
            <String ID="Word_11982" HPOS="1208" VPOS="3329" WIDTH="140" HEIGHT="40" CONTENT="which" />
            <SP ID="SP_10860" HPOS="1349" VPOS="3329" WIDTH="32" HEIGHT="0" />
            <String ID="Word_11983" HPOS="1382" VPOS="3329" WIDTH="164" HEIGHT="52" CONTENT="things," />
            <SP ID="SP_10861" HPOS="1547" VPOS="3342" WIDTH="27" HEIGHT="0" />
            <String ID="Word_11984" HPOS="1575" VPOS="3330" WIDTH="83" HEIGHT="39" CONTENT="and" />
            <SP ID="SP_10862" HPOS="1659" VPOS="3330" WIDTH="27" HEIGHT="0" />
            <String ID="Word_11985" HPOS="1687" VPOS="3330" WIDTH="48" HEIGHT="40" CONTENT="of" />
            <SP ID="SP_10863" HPOS="1736" VPOS="3330" WIDTH="20" HEIGHT="0" />
            <String ID="Word_11986" HPOS="1757" VPOS="3330" WIDTH="75" HEIGHT="39" CONTENT="the" />
            <SP ID="SP_10864" HPOS="1833" VPOS="3331" WIDTH="24" HEIGHT="0" />
            <String ID="Word_11987" HPOS="1858" VPOS="3331" WIDTH="97" HEIGHT="38" CONTENT="true" />
            <SP ID="SP_10865" HPOS="1956" VPOS="3342" WIDTH="28" HEIGHT="0" />
            <String ID="Word_11988" HPOS="1985" VPOS="3339" WIDTH="172" HEIGHT="29" CONTENT="relation" />
          </TextLine>
          <TextLine ID="TextLine_1124" HPOS="179" VPOS="3382" WIDTH="1976" HEIGHT="56">
            <String ID="Word_11989" HPOS="179" VPOS="3387" WIDTH="195" HEIGHT="39" CONTENT="between" />
            <SP ID="SP_10866" HPOS="375" VPOS="3389" WIDTH="20" HEIGHT="0" />
            <String ID="Word_11990" HPOS="396" VPOS="3389" WIDTH="75" HEIGHT="37" CONTENT="the" />
            <SP ID="SP_10867" HPOS="472" VPOS="3399" WIDTH="21" HEIGHT="0" />
            <String ID="Word_11991" HPOS="494" VPOS="3392" WIDTH="154" HEIGHT="34" CONTENT="nature" />
            <SP ID="SP_10868" HPOS="649" VPOS="3399" WIDTH="19" HEIGHT="0" />
            <String ID="Word_11992" HPOS="669" VPOS="3385" WIDTH="48" HEIGHT="40" CONTENT="of" />
            <SP ID="SP_10869" HPOS="718" VPOS="3385" WIDTH="21" HEIGHT="0" />
            <String ID="Word_11993" HPOS="740" VPOS="3386" WIDTH="149" HEIGHT="40" CONTENT="things" />
            <SP ID="SP_10870" HPOS="890" VPOS="3399" WIDTH="20" HEIGHT="0" />
            <String ID="Word_11994" HPOS="911" VPOS="3387" WIDTH="84" HEIGHT="38" CONTENT="and" />
            <SP ID="SP_10871" HPOS="996" VPOS="3387" WIDTH="28" HEIGHT="0" />
            <String ID="Word_11995" HPOS="1025" VPOS="3388" WIDTH="75" HEIGHT="39" CONTENT="the" />
            <SP ID="SP_10872" HPOS="1101" VPOS="3400" WIDTH="19" HEIGHT="0" />
            <String ID="Word_11996" HPOS="1121" VPOS="3388" WIDTH="157" HEIGHT="38" CONTENT="nature" />
            <SP ID="SP_10873" HPOS="1279" VPOS="3398" WIDTH="20" HEIGHT="0" />
            <String ID="Word_11997" HPOS="1300" VPOS="3385" WIDTH="49" HEIGHT="41" CONTENT="of" />
            <SP ID="SP_10874" HPOS="1350" VPOS="3385" WIDTH="20" HEIGHT="0" />
            <String ID="Word_11998" HPOS="1371" VPOS="3387" WIDTH="75" HEIGHT="38" CONTENT="the" />
            <SP ID="SP_10875" HPOS="1447" VPOS="3398" WIDTH="27" HEIGHT="0" />
            <String ID="Word_11999" HPOS="1475" VPOS="3386" WIDTH="132" HEIGHT="48" CONTENT="mind," />
            <SP ID="SP_10876" HPOS="1608" VPOS="3386" WIDTH="20" HEIGHT="0" />
            <String ID="Word_12000" HPOS="1629" VPOS="3386" WIDTH="35" HEIGHT="39" CONTENT="is" />
            <SP ID="SP_10877" HPOS="1665" VPOS="3400" WIDTH="23" HEIGHT="0" />
            <String ID="Word_12001" HPOS="1689" VPOS="3400" WIDTH="45" HEIGHT="26" CONTENT="as" />
            <SP ID="SP_10878" HPOS="1735" VPOS="3389" WIDTH="24" HEIGHT="0" />
            <String ID="Word_12002" HPOS="1760" VPOS="3389" WIDTH="75" HEIGHT="37" CONTENT="the" />
            <SP ID="SP_10879" HPOS="1836" VPOS="3399" WIDTH="18" HEIGHT="0" />
            <String ID="Word_12003" HPOS="1855" VPOS="3388" WIDTH="202" HEIGHT="48" CONTENT="strewing" />
            <SP ID="SP_10880" HPOS="2058" VPOS="3396" WIDTH="17" HEIGHT="0" />
            <String ID="Word_12004" HPOS="2076" VPOS="3382" WIDTH="79" HEIGHT="40" CONTENT="and" />
          </TextLine>
          <TextLine ID="TextLine_1125" HPOS="180" VPOS="3441" WIDTH="1975" HEIGHT="48">
            <String ID="Word_12005" HPOS="180" VPOS="3443" WIDTH="250" HEIGHT="40" CONTENT="decoration" />
            <SP ID="SP_10881" HPOS="431" VPOS="3457" WIDTH="18" HEIGHT="0" />
            <String ID="Word_12006" HPOS="450" VPOS="3443" WIDTH="50" HEIGHT="40" CONTENT="of" />
            <SP ID="SP_10882" HPOS="501" VPOS="3443" WIDTH="12" HEIGHT="0" />
            <String ID="Word_12007" HPOS="514" VPOS="3443" WIDTH="74" HEIGHT="40" CONTENT="the" />
            <SP ID="SP_10883" HPOS="589" VPOS="3443" WIDTH="19" HEIGHT="0" />
            <String ID="Word_12008" HPOS="609" VPOS="3443" WIDTH="140" HEIGHT="39" CONTENT="bridal" />
            <SP ID="SP_10884" HPOS="750" VPOS="3443" WIDTH="22" HEIGHT="0" />
            <String ID="Word_12009" HPOS="773" VPOS="3442" WIDTH="203" HEIGHT="40" CONTENT="chamber" />
            <SP ID="SP_10885" HPOS="977" VPOS="3455" WIDTH="19" HEIGHT="0" />
            <String ID="Word_12010" HPOS="997" VPOS="3443" WIDTH="48" HEIGHT="38" CONTENT="of" />
            <SP ID="SP_10886" HPOS="1046" VPOS="3443" WIDTH="24" HEIGHT="0" />
            <String ID="Word_12011" HPOS="1071" VPOS="3444" WIDTH="75" HEIGHT="40" CONTENT="the" />
            <SP ID="SP_10887" HPOS="1147" VPOS="3443" WIDTH="29" HEIGHT="0" />
            <String ID="Word_12012" HPOS="1177" VPOS="3442" WIDTH="123" HEIGHT="40" CONTENT="Mind" />
            <SP ID="SP_10888" HPOS="1301" VPOS="3442" WIDTH="20" HEIGHT="0" />
            <String ID="Word_12013" HPOS="1322" VPOS="3442" WIDTH="85" HEIGHT="39" CONTENT="and" />
            <SP ID="SP_10889" HPOS="1408" VPOS="3442" WIDTH="25" HEIGHT="0" />
            <String ID="Word_12014" HPOS="1434" VPOS="3442" WIDTH="216" HEIGHT="47" CONTENT="Universe," />
            <SP ID="SP_10890" HPOS="1651" VPOS="3445" WIDTH="20" HEIGHT="0" />
            <String ID="Word_12015" HPOS="1672" VPOS="3443" WIDTH="74" HEIGHT="39" CONTENT="the" />
            <SP ID="SP_10891" HPOS="1747" VPOS="3443" WIDTH="26" HEIGHT="0" />
            <String ID="Word_12016" HPOS="1774" VPOS="3442" WIDTH="154" HEIGHT="40" CONTENT="Divine" />
            <SP ID="SP_10892" HPOS="1929" VPOS="3441" WIDTH="21" HEIGHT="0" />
            <String ID="Word_12017" HPOS="1951" VPOS="3441" WIDTH="204" HEIGHT="40" CONTENT="Goodness" />
          </TextLine>
          <TextLine ID="TextLine_1126" HPOS="180" VPOS="3495" WIDTH="1974" HEIGHT="57">
            <String ID="Word_12018" HPOS="180" VPOS="3499" WIDTH="203" HEIGHT="53" CONTENT="assisting" />
            <SP ID="SP_10893" HPOS="384" VPOS="3514" WIDTH="15" HEIGHT="0" />
            <String ID="Word_12019" HPOS="400" VPOS="3515" WIDTH="9" HEIGHT="32" CONTENT=";" />
            <SP ID="SP_10894" HPOS="410" VPOS="3513" WIDTH="30" HEIGHT="0" />
            <String ID="Word_12020" HPOS="441" VPOS="3502" WIDTH="75" HEIGHT="37" CONTENT="out" />
            <SP ID="SP_10895" HPOS="517" VPOS="3502" WIDTH="20" HEIGHT="0" />
            <String ID="Word_12021" HPOS="538" VPOS="3500" WIDTH="48" HEIGHT="40" CONTENT="of" />
            <SP ID="SP_10896" HPOS="587" VPOS="3500" WIDTH="13" HEIGHT="0" />
            <String ID="Word_12022" HPOS="601" VPOS="3499" WIDTH="139" HEIGHT="40" CONTENT="which" />
            <SP ID="SP_10897" HPOS="741" VPOS="3499" WIDTH="20" HEIGHT="0" />
            <String ID="Word_12023" HPOS="762" VPOS="3499" WIDTH="214" HEIGHT="50" CONTENT="marriage" />
            <SP ID="SP_10898" HPOS="977" VPOS="3499" WIDTH="25" HEIGHT="0" />
            <String ID="Word_12024" HPOS="1003" VPOS="3499" WIDTH="61" HEIGHT="41" CONTENT="let" />
            <SP ID="SP_10899" HPOS="1065" VPOS="3503" WIDTH="21" HEIGHT="0" />
            <String ID="Word_12025" HPOS="1087" VPOS="3514" WIDTH="50" HEIGHT="26" CONTENT="us" />
            <SP ID="SP_10900" HPOS="1138" VPOS="3500" WIDTH="20" HEIGHT="0" />
            <String ID="Word_12026" HPOS="1159" VPOS="3500" WIDTH="109" HEIGHT="52" CONTENT="hope" />
            <SP ID="SP_10901" HPOS="1269" VPOS="3500" WIDTH="22" HEIGHT="0" />
            <String ID="Word_12027" HPOS="1292" VPOS="3499" WIDTH="105" HEIGHT="51" CONTENT="(and" />
            <SP ID="SP_10902" HPOS="1398" VPOS="3499" WIDTH="19" HEIGHT="0" />
            <String ID="Word_12028" HPOS="1418" VPOS="3499" WIDTH="88" HEIGHT="39" CONTENT="this" />
            <SP ID="SP_10903" HPOS="1507" VPOS="3499" WIDTH="18" HEIGHT="0" />
            <String ID="Word_12029" HPOS="1526" VPOS="3499" WIDTH="52" HEIGHT="40" CONTENT="be" />
            <SP ID="SP_10904" HPOS="1579" VPOS="3502" WIDTH="19" HEIGHT="0" />
            <String ID="Word_12030" HPOS="1599" VPOS="3502" WIDTH="74" HEIGHT="37" CONTENT="the" />
            <SP ID="SP_10905" HPOS="1674" VPOS="3512" WIDTH="18" HEIGHT="0" />
            <String ID="Word_12031" HPOS="1693" VPOS="3512" WIDTH="153" HEIGHT="39" CONTENT="prayer" />
            <SP ID="SP_10906" HPOS="1847" VPOS="3512" WIDTH="18" HEIGHT="0" />
            <String ID="Word_12032" HPOS="1866" VPOS="3498" WIDTH="48" HEIGHT="40" CONTENT="of" />
            <SP ID="SP_10907" HPOS="1915" VPOS="3498" WIDTH="16" HEIGHT="0" />
            <String ID="Word_12033" HPOS="1932" VPOS="3498" WIDTH="73" HEIGHT="40" CONTENT="the" />
            <SP ID="SP_10908" HPOS="2006" VPOS="3497" WIDTH="18" HEIGHT="0" />
            <String ID="Word_12034" HPOS="2025" VPOS="3495" WIDTH="129" HEIGHT="41" CONTENT="bridal" />
          </TextLine>
          <TextLine ID="TextLine_1127" HPOS="180" VPOS="3554" WIDTH="1972" HEIGHT="55">
            <String ID="Word_12035" HPOS="180" VPOS="3556" WIDTH="128" HEIGHT="53" CONTENT="song)" />
            <SP ID="SP_10909" HPOS="309" VPOS="3556" WIDTH="23" HEIGHT="0" />
            <String ID="Word_12036" HPOS="333" VPOS="3560" WIDTH="123" HEIGHT="36" CONTENT="there" />
            <SP ID="SP_10910" HPOS="457" VPOS="3569" WIDTH="19" HEIGHT="0" />
            <String ID="Word_12037" HPOS="477" VPOS="3570" WIDTH="97" HEIGHT="39" CONTENT="may" />
            <SP ID="SP_10911" HPOS="575" VPOS="3570" WIDTH="21" HEIGHT="0" />
            <String ID="Word_12038" HPOS="597" VPOS="3556" WIDTH="150" HEIGHT="52" CONTENT="spring" />
            <SP ID="SP_10912" HPOS="748" VPOS="3555" WIDTH="18" HEIGHT="0" />
            <String ID="Word_12039" HPOS="767" VPOS="3555" WIDTH="121" HEIGHT="40" CONTENT="helps" />
            <SP ID="SP_10913" HPOS="889" VPOS="3558" WIDTH="26" HEIGHT="0" />
            <String ID="Word_12040" HPOS="916" VPOS="3558" WIDTH="46" HEIGHT="37" CONTENT="to" />
            <SP ID="SP_10914" HPOS="963" VPOS="3569" WIDTH="19" HEIGHT="0" />
            <String ID="Word_12041" HPOS="983" VPOS="3569" WIDTH="113" HEIGHT="36" CONTENT="man," />
            <SP ID="SP_10915" HPOS="1097" VPOS="3570" WIDTH="22" HEIGHT="0" />
            <String ID="Word_12042" HPOS="1120" VPOS="3557" WIDTH="86" HEIGHT="39" CONTENT="and" />
            <SP ID="SP_10916" HPOS="1207" VPOS="3557" WIDTH="27" HEIGHT="0" />
            <String ID="Word_12043" HPOS="1235" VPOS="3569" WIDTH="25" HEIGHT="25" CONTENT="a" />
            <SP ID="SP_10917" HPOS="1261" VPOS="3556" WIDTH="27" HEIGHT="0" />
            <String ID="Word_12044" HPOS="1289" VPOS="3556" WIDTH="88" HEIGHT="39" CONTENT="line" />
            <SP ID="SP_10918" HPOS="1378" VPOS="3569" WIDTH="20" HEIGHT="0" />
            <String ID="Word_12045" HPOS="1399" VPOS="3556" WIDTH="82" HEIGHT="39" CONTENT="and" />
            <SP ID="SP_10919" HPOS="1482" VPOS="3556" WIDTH="22" HEIGHT="0" />
            <String ID="Word_12046" HPOS="1505" VPOS="3569" WIDTH="96" HEIGHT="27" CONTENT="race" />
            <SP ID="SP_10920" HPOS="1602" VPOS="3569" WIDTH="19" HEIGHT="0" />
            <String ID="Word_12047" HPOS="1622" VPOS="3557" WIDTH="48" HEIGHT="39" CONTENT="of" />
            <SP ID="SP_10921" HPOS="1671" VPOS="3556" WIDTH="12" HEIGHT="0" />
            <String ID="Word_12048" HPOS="1684" VPOS="3556" WIDTH="241" HEIGHT="40" CONTENT="inventions" />
            <SP ID="SP_10922" HPOS="1926" VPOS="3557" WIDTH="20" HEIGHT="0" />
            <String ID="Word_12049" HPOS="1947" VPOS="3557" WIDTH="94" HEIGHT="36" CONTENT="that" />
            <SP ID="SP_10923" HPOS="2042" VPOS="3557" WIDTH="20" HEIGHT="0" />
            <String ID="Word_12050" HPOS="2063" VPOS="3564" WIDTH="89" HEIGHT="40" CONTENT="may" />
          </TextLine>
          <TextLine ID="TextLine_1128" HPOS="179" VPOS="3607" WIDTH="1977" HEIGHT="59">
            <String ID="Word_12051" HPOS="179" VPOS="3614" WIDTH="46" HEIGHT="38" CONTENT="in" />
            <SP ID="SP_10924" HPOS="226" VPOS="3627" WIDTH="29" HEIGHT="0" />
            <String ID="Word_12052" HPOS="256" VPOS="3627" WIDTH="114" HEIGHT="27" CONTENT="some" />
            <SP ID="SP_10925" HPOS="371" VPOS="3613" WIDTH="21" HEIGHT="0" />
            <String ID="Word_12053" HPOS="393" VPOS="3613" WIDTH="154" HEIGHT="40" CONTENT="degree" />
            <SP ID="SP_10926" HPOS="548" VPOS="3627" WIDTH="26" HEIGHT="0" />
            <String ID="Word_12054" HPOS="575" VPOS="3614" WIDTH="162" HEIGHT="39" CONTENT="subdue" />
            <SP ID="SP_10927" HPOS="738" VPOS="3626" WIDTH="19" HEIGHT="0" />
            <String ID="Word_12055" HPOS="758" VPOS="3613" WIDTH="85" HEIGHT="39" CONTENT="and" />
            <SP ID="SP_10928" HPOS="844" VPOS="3613" WIDTH="24" HEIGHT="0" />
            <String ID="Word_12056" HPOS="869" VPOS="3625" WIDTH="218" HEIGHT="28" CONTENT="overcome" />
            <SP ID="SP_10929" HPOS="1088" VPOS="3616" WIDTH="29" HEIGHT="0" />
            <String ID="Word_12057" HPOS="1118" VPOS="3616" WIDTH="76" HEIGHT="38" CONTENT="the" />
            <SP ID="SP_10930" HPOS="1195" VPOS="3626" WIDTH="27" HEIGHT="0" />
            <String ID="Word_12058" HPOS="1223" VPOS="3617" WIDTH="245" HEIGHT="35" CONTENT="necessities" />
            <SP ID="SP_10931" HPOS="1469" VPOS="3625" WIDTH="27" HEIGHT="0" />
            <String ID="Word_12059" HPOS="1497" VPOS="3612" WIDTH="84" HEIGHT="40" CONTENT="and" />
            <SP ID="SP_10932" HPOS="1582" VPOS="3612" WIDTH="29" HEIGHT="0" />
            <String ID="Word_12060" HPOS="1612" VPOS="3612" WIDTH="187" HEIGHT="41" CONTENT="miseries" />
            <SP ID="SP_10933" HPOS="1800" VPOS="3625" WIDTH="27" HEIGHT="0" />
            <String ID="Word_12061" HPOS="1828" VPOS="3611" WIDTH="48" HEIGHT="40" CONTENT="of" />
            <SP ID="SP_10934" HPOS="1877" VPOS="3611" WIDTH="19" HEIGHT="0" />
            <String ID="Word_12062" HPOS="1897" VPOS="3607" WIDTH="259" HEIGHT="58" CONTENT="humanity.”" />
          </TextLine>
          <TextLine ID="TextLine_1129" HPOS="180" VPOS="3663" WIDTH="1976" HEIGHT="59">
            <String ID="Word_12063" HPOS="180" VPOS="3670" WIDTH="228" HEIGHT="52" CONTENT="Coleridge" />
            <SP ID="SP_10935" HPOS="409" VPOS="3683" WIDTH="20" HEIGHT="0" />
            <String ID="Word_12064" HPOS="430" VPOS="3670" WIDTH="85" HEIGHT="40" CONTENT="and" />
            <SP ID="SP_10936" HPOS="516" VPOS="3670" WIDTH="23" HEIGHT="0" />
            <String ID="Word_12065" HPOS="540" VPOS="3670" WIDTH="202" HEIGHT="41" CONTENT="Emerson" />
            <SP ID="SP_10937" HPOS="743" VPOS="3670" WIDTH="19" HEIGHT="0" />
            <String ID="Word_12066" HPOS="763" VPOS="3670" WIDTH="108" HEIGHT="39" CONTENT="have" />
            <SP ID="SP_10938" HPOS="872" VPOS="3683" WIDTH="19" HEIGHT="0" />
            <String ID="Word_12067" HPOS="892" VPOS="3672" WIDTH="76" HEIGHT="37" CONTENT="not" />
            <SP ID="SP_10939" HPOS="969" VPOS="3669" WIDTH="20" HEIGHT="0" />
            <String ID="Word_12068" HPOS="990" VPOS="3669" WIDTH="132" HEIGHT="42" CONTENT="failed" />
            <SP ID="SP_10940" HPOS="1123" VPOS="3671" WIDTH="21" HEIGHT="0" />
            <String ID="Word_12069" HPOS="1145" VPOS="3672" WIDTH="44" HEIGHT="38" CONTENT="to" />
            <SP ID="SP_10941" HPOS="1190" VPOS="3684" WIDTH="19" HEIGHT="0" />
            <String ID="Word_12070" HPOS="1210" VPOS="3669" WIDTH="252" HEIGHT="52" CONTENT="apprehend" />
            <SP ID="SP_10942" HPOS="1463" VPOS="3670" WIDTH="29" HEIGHT="0" />
            <String ID="Word_12071" HPOS="1493" VPOS="3669" WIDTH="75" HEIGHT="40" CONTENT="the" />
            <SP ID="SP_10943" HPOS="1569" VPOS="3671" WIDTH="25" HEIGHT="0" />
            <String ID="Word_12072" HPOS="1595" VPOS="3671" WIDTH="97" HEIGHT="39" CONTENT="true" />
            <SP ID="SP_10944" HPOS="1693" VPOS="3682" WIDTH="20" HEIGHT="0" />
            <String ID="Word_12073" HPOS="1714" VPOS="3668" WIDTH="174" HEIGHT="41" CONTENT="method" />
            <SP ID="SP_10945" HPOS="1889" VPOS="3668" WIDTH="25" HEIGHT="0" />
            <String ID="Word_12074" HPOS="1915" VPOS="3667" WIDTH="47" HEIGHT="41" CONTENT="of" />
            <SP ID="SP_10946" HPOS="1963" VPOS="3667" WIDTH="26" HEIGHT="0" />
            <String ID="Word_12075" HPOS="1990" VPOS="3663" WIDTH="166" HEIGHT="43" CONTENT="Bacon’s" />
          </TextLine>
          <TextLine ID="TextLine_1130" HPOS="180" VPOS="3725" WIDTH="271" HEIGHT="54">
            <String ID="Word_12076" HPOS="180" VPOS="3726" WIDTH="271" HEIGHT="53" CONTENT="philosophy." />
          </TextLine>
        </TextBlock>
      </PrintSpace>
    </Page>
  </Layout>
</alto>
