2113 3404
818 217 87 31 THE
938 218 242 33 DISORDERS
1211 221 52 31 OF
1294 222 173 31 SPEECH.

321 198 82 40 288

320 328 102 54 him,
445 330 80 44 but
556 332 260 46 understood
838 350 103 42 very
965 337 96 43 well
1096 339 171 43 written
1299 353 155 29 names.
1517 341 62 41 As
1604 340 51 42 he
1682 341 205 55 managed
1909 355 22 28 a

323 400 119 53 farm,
473 401 54 44 he
559 403 84 43 had
675 405 45 41 in
753 405 67 43 his
852 421 118 28 room
1002 422 24 28 a
1057 408 76 43 list
1164 410 42 41 of
1248 410 73 42 the
1358 410 136 42 words
1527 410 141 42 which
1701 410 54 42 he
1795 411 139 42 might

319 471 161 45 chance
502 477 44 39 to
578 475 102 42 hear
711 476 46 41 in
779 477 67 42 his
869 479 319 43 conversations
1218 480 105 42 with
1355 480 67 42 his
1456 494 227 28 workmen.
1744 480 144 42 When
1911 494 24 28 a

319 543 222 41 workman
564 558 86 29 was
673 546 170 56 talking
869 552 43 38 to
944 548 92 42 him
1069 562 53 28 on
1155 563 85 41 any
1272 550 178 55 subject,
1471 550 54 42 he
1546 549 184 43 listened
1753 549 181 42 without

319 617 46 38 at
396 614 92 42 first
510 615 162 56 seizing
691 617 214 56 anything
931 618 45 42 of
1003 618 75 43 the
1099 620 139 42 words
1260 625 152 51 except
1435 619 71 44 the
1529 620 147 43 sound.
1739 619 194 43 He-then

318 684 157 42 looked
506 699 59 41 up
597 686 74 42 the
704 688 138 43 words
873 689 46 41 in
952 689 68 47 bis
1052 689 171 43 written
1253 690 86 52 list,
1371 691 96 50 and,
1501 704 224 29 whenever
1758 689 55 43 he
1849 703 84 29 saw

320 754 132 50 them,
473 755 55 43 he
549 756 263 43 understood
834 758 119 42 them
975 764 221 50 perfectly.

381 858 118 43 Case
550 860 52 42 V.
677 860 228 55 (Schmidt,
950 862 141 53 1887;
1132 863 148 55 quoted
1320 865 49 53 by
1405 865 111 41 Mile.
1558 863 379 57 S/cwortzqf).—A

319 928 169 52 female,
511 935 64 37 set.
600 931 66 41 25.
729 932 89 41 Ten
842 932 104 42 days
979 932 110 42 after
1115 934 272 53 parturition,
1408 933 85 42 had
1525 934 84 42 lost
1639 926 298 51 conciousnes's

320 999 228 56 suddenly,
586 1014 117 42 upon
740 1001 179 56 making
956 1016 55 27 an
1049 1002 133 43 effort.
1259 1003 68 42 On
1363 1018 212 40 recovery,
1606 1003 119 43 there
1762 1018 86 28 was
1882 1019 54 30 no

319 1069 224 55 paralysis,
565 1071 80 41 but
667 1071 73 42 the
762 1072 170 54 patient
963 1072 128 43 could
1122 1077 77 38 not
1229 1073 267 43 understand
1517 1073 118 43 what
1664 1086 87 30 was
1781 1074 92 42 said
1894 1079 43 38 to

320 1140 87 52 her,
430 1141 86 41 and
537 1141 86 41 had
654 1146 119 51 great
805 1142 214 42 difficulty
1051 1143 47 41 in
1130 1144 250 42 expressing
1411 1144 158 42 herself
1591 1144 342 56 spontaneously.

319 1215 22 16 "
356 1211 43 41 If
430 1225 81 29 one
544 1216 132 38 wrote
708 1213 127 41 down
867 1227 24 28 a
921 1214 202 54 question
1155 1228 116 28 upon
1304 1229 24 27 a
1359 1214 119 43 slate,
1500 1215 76 42 she
1605 1215 227 42 examined
1863 1215 72 43 the

322 1282 138 42 words
503 1297 81 28 one
622 1283 111 43 after
775 1284 181 42 another
993 1285 283 55 attentively;
1318 1285 112 41 tried
1461 1289 43 37 to
1538 1299 245 40 pronounce
1818 1284 117 43 them

321 1368 81 27 one
423 1354 58 54 by
504 1368 91 36 one,
618 1354 86 41 and
726 1355 104 41 then
853 1354 46 42 in
923 1369 115 28 more
1060 1355 124 55 rapid
1206 1369 234 41 sequence;
1473 1355 84 41 and
1580 1355 102 41 then
1705 1355 200 55 replied."

381 1425 22 41 I
427 1425 128 41 think
577 1425 88 42 this
686 1425 86 42 last
793 1439 95 28 case
910 1425 139 42 shows
1071 1430 145 50 pretty
1245 1425 168 55 plainly
1444 1425 96 41 that
1569 1425 74 42 the
1674 1425 201 42 meaning
1897 1426 44 41 of

321 1495 74 42 the
427 1495 119 42 word
576 1496 175 42 revived
783 1501 45 36 at
860 1495 32 43 C
917 1509 85 28 was
1034 1495 181 42 reached
1247 1495 101 55 only
1379 1495 183 42 through
1595 1496 162 41 revival
1790 1496 44 40 of
1867 1495 72 42 the

322 1570 140 38 motor
503 1567 162 54 images
706 1571 45 37 at
792 1567 47 41 B.
901 1566 132 56 Why,
1064 1566 35 42 it
1140 1580 100 41 may
1281 1567 52 41 be
1374 1566 143 42 asked,
1554 1566 154 42 should
1749 1570 76 37 not
1864 1566 74 42 the

321 1637 205 42 meaning
547 1637 52 42 be
621 1637 182 42 reached
832 1637 180 42 directly
1037 1637 110 41 from
1171 1637 31 42 C
1221 1639 14 39 ?
1295 1636 102 42 This
1429 1637 199 54 question
1661 1636 75 42 has
1766 1637 174 54 already

322 1708 108 41 been
454 1707 246 42 discussed;
731 1708 85 41 and
840 1722 61 27 we
926 1708 108 41 have
1060 1721 100 28 seen
1192 1721 148 27 reason
1371 1711 45 37 to
1448 1707 129 41 adopt
1598 1707 73 41 the
1695 1708 245 40 conclusion

323 1778 95 41 that
440 1778 174 55 printed
637 1779 85 41 and
745 1783 174 37 written
941 1777 139 42 words
1110 1791 69 28 are
1212 1777 101 55 only
1337 1777 190 55 symbols
1559 1777 43 41 of
1633 1777 201 55 symbols,
1857 1777 83 41 and

323 1862 79 28 can
424 1849 213 42 therefore
669 1849 84 42 call
785 1863 58 27 up
875 1848 74 42 the
982 1848 201 55 meaning
1215 1848 103 55 only
1349 1848 57 54 by
1432 1848 197 41 reviving
1650 1848 73 40 the
1754 1861 186 41 primary

323 1919 317 55 word-percept
662 1934 46 27 or
740 1919 181 55 symbol,
944 1923 44 37 at
1016 1919 42 41 A
1090 1918 82 42 and
1205 1919 50 41 B,
1277 1933 46 27 or
1354 1932 24 27 a
1408 1921 97 52 part
1535 1918 46 41 of
1608 1918 47 50 it,
1677 1917 137 42 either
1835 1923 44 36 at
1899 1918 42 40 A

323 2005 47 28 or
391 1995 45 37 at
457 1991 48 41 B.
569 1991 43 41 It
634 1990 36 42 is
693 1990 103 56 only
819 2003 155 28 among
996 1989 121 42 those
1141 1989 95 41 who
1259 1989 109 41 have
1390 1988 101 42 read
1519 2002 24 28 a
1574 2002 103 41 very
1698 1992 119 51 great
1847 1986 93 43 deal

324 2062 96 42 that
460 2062 74 41 the
579 2075 153 28 visible
766 2059 330 56 word-symbols
1129 2073 111 41 may,
1270 2058 204 56 possibly,
1506 2063 45 36 at
1590 2057 148 55 length
1770 2071 171 41 acquire

324 2132 137 41 direct
493 2131 261 42 connexions
788 2130 105 42 with
925 2130 73 42 the
1031 2129 251 55 meanings;
1313 2128 85 42 and
1419 2128 37 41 it
1475 2128 37 41 is
1544 2131 76 38 not
1651 2128 290 53 conclusively

325 2203 162 56 proved
508 2203 96 41 that
626 2202 106 42 such
755 2201 135 42 direct
912 2201 264 43 connexions
1198 2213 111 42 may,
1332 2213 106 28 even
1461 2199 46 41 in
1529 2198 106 43 such
1665 2197 276 50 individuals,

326 2275 52 41 be
401 2273 214 56 acquired.

671 2400 149 55 Effects
850 2412 114 28 upon
995 2398 65 42 the
1089 2397 258 42 Production
1377 2396 49 55 of
1449 2394 155 56 Speech.

391 2510 36 44 1.
460 2511 177 42 Spoken
670 2509 355 43 Speech.—That
1055 2506 369 43 Word-Deafness
1465 2504 154 43 should
1660 2503 134 42 result
1830 2503 110 41 from

328 2582 74 43 the
435 2580 266 43 destruction
734 2580 45 41 of
807 2579 74 41 the
913 2578 200 54 auditory
1146 2576 298 42 word-images
1476 2579 45 37 at
1551 2573 42 43 A
1627 2574 35 42 is
1695 2573 103 55 only
1830 2586 112 27 what

329 2667 169 29 anyone
532 2650 140 42 would
704 2663 25 29 a
759 2649 146 56 priori
935 2648 109 41 have
1076 2646 217 56 expected.
1357 2644 252 55 Obviously,
1640 2643 73 43 the
1746 2643 196 53 auditory

332 2723 298 43 word-images
659 2723 117 39 must
807 2731 165 42 occupy
993 2717 73 42 the
1098 2718 94 40 first
1222 2729 133 42 place,
1374 2715 48 41 in
1451 2719 122 50 point
1595 2714 46 41 of
1670 2714 273 47 importance,

330 2796 45 41 in
397 2793 183 43 relation
602 2796 44 37 to
672 2789 220 55 incoming
924 2787 164 43 speech.
1151 2787 88 42 But
1269 2787 36 41 it
1336 2785 127 42 could
1494 2789 76 37 not
1601 2798 45 28 so
1678 2783 133 55 easily
1834 2782 106 41 have

330 2867 109 42 been
461 2861 265 45 anticipated
749 2864 95 38 that
867 2859 119 42 these
1008 2858 200 54 auditory
1231 2854 300 58 word-images
1553 2868 70 29 are
1649 2868 88 28 also
1769 2853 45 42 of
1841 2866 100 40 very

329 2940 121 53 great
480 2936 265 41 importance
777 2931 45 41 in
854 2929 183 43 relation
1075 2933 43 37 to
1161 2927 205 56 outgoing
1397 2925 164 56 speech.
1622 2925 87 41 Yet
1749 2924 35 41 it
1818 2923 36 41 is
1885 2935 54 28 so.

331 3009 52 43 In
419 3006 182 44 relation
637 3009 44 38 to
716 3001 203 58 outgoing
953 2998 167 60 speech,
1142 2997 104 43 they
1270 3011 70 28 are
1370 2997 45 42 of
1446 2996 263 57 importance
1739 2993 45 42 in
1816 3003 124 43 every
