1895 3217
693 308 93 31 THE
809 308 221 33 HOOLOCK.

1472 304 61 48 99

171 437 133 46 when
329 435 156 62 placed
507 450 119 46 upon
649 450 27 30 a
698 435 107 46 floor
831 450 48 31 or
905 434 48 46 in
982 450 59 30 an
1065 449 115 47 open
1201 435 121 55 field,
1347 437 186 45 balance

168 514 272 46 themselves
463 527 110 46 very
595 511 203 62 prettily,
830 513 63 60 by
915 511 166 62 raising
1110 512 119 45 their
1253 512 147 45 hands
1431 528 105 31 over

167 591 122 46 their
303 591 132 54 head,
455 590 91 45 and
564 589 187 61 slightly
768 589 196 61 bending
980 589 119 45 their
1121 604 97 31 arm
1241 595 49 40 at
1312 595 80 39 the
1407 597 127 38 wrist

170 668 91 45 and
283 668 159 53 elbow,
467 666 90 46 and
579 672 111 39 then
716 681 87 30 run
832 667 222 60 tolerably
1077 665 103 56 fast,
1212 665 181 62 rocking
1421 665 114 46 from

171 744 93 46 side
288 751 46 39 to
364 743 123 55 side;
524 743 90 46 and
642 742 42 46 if
708 743 138 45 m’ged
875 749 46 39 to
949 758 175 46 greater
1152 743 148 61 speed,
1332 743 112 60 they
1472 743 64 45 let

170 819 80 47 fall
272 821 118 45 their
412 821 144 45 hands
579 826 47 40 to
655 826 80 39 the
765 835 186 46 ground,
982 820 90 45 and
1102 820 132 46 assist
1264 820 273 45 themselves

170 896 207 56 forward,
407 898 153 45 rather
589 897 212 62 jumping
833 903 114 39 than
980 913 210 45 running,
1223 896 94 46 still
1344 896 195 62 keeping

171 974 79 45 the
283 975 134 60 body,
452 974 223 55 however,
709 989 158 45 nearly
891 980 147 48 erect;
1074 972 42 46 if
1140 980 113 55 they
1277 973 184 46 succeed
1489 973 49 45 in

172 1051 186 60 making
379 1050 119 45 their
514 1066 106 46 way
637 1057 47 39 to
708 1066 28 30 a
759 1066 130 46 grove
913 1049 49 46 of
981 1056 132 49 trees,
1135 1056 112 55 they
1263 1057 110 38 then
1395 1049 143 62 swing

174 1126 114 46 with
312 1127 110 45 such
444 1127 278 61 astonishing
738 1127 202 61 rapidity
957 1125 114 48 from
1093 1127 168 47 branch
1283 1133 46 39 to
1352 1127 185 54 branch,

175 1203 91 45 and
287 1201 113 48 from
430 1210 94 39 tree
553 1210 47 39 to
630 1210 110 46 tree,
770 1204 103 44 that
901 1210 113 54 they
1043 1219 74 30 are
1151 1218 105 31 soon
1283 1203 85 45 lost
1391 1202 49 46 in
1461 1202 79 46 the

169 1279 158 60 jungle
351 1294 46 30 or
419 1279 148 46 forest.

300 1356 96 44 The
419 1355 253 46 individual
694 1355 48 45 in
773 1355 206 60 question
1005 1356 182 45 became
1218 1371 46 30 so
1291 1361 124 39 tame
1448 1355 92 45 and

176 1432 290 44 manageable
489 1431 47 45 in
558 1432 86 45 less
667 1438 113 39 than
803 1447 27 30 a
851 1438 176 48 month,
1052 1432 102 45 that
1176 1432 57 45 he
1257 1431 151 45 would
1430 1432 108 44 take

177 1508 106 45 hold
306 1506 50 48 of
381 1523 81 45 my
484 1508 125 45 hand
635 1509 91 44 and
759 1509 121 44 walk
904 1508 115 45 with
1041 1523 88 39 me,
1154 1507 183 61 helping
1357 1507 191 45 himself

179 1599 128 45 along
322 1590 48 38 at
386 1591 78 38 the
483 1600 121 30 same
627 1591 112 39 time
758 1584 113 46 with
895 1591 78 39 the
997 1584 127 46 other
1145 1584 123 44 hand
1292 1583 179 60 applied
1492 1589 47 40 to

178 1667 78 38 the
284 1676 184 45 ground,
501 1676 48 30 as
580 1662 227 44 described
834 1676 153 30 above.
1057 1661 74 45 He
1161 1661 152 45 would
1341 1675 123 30 come
1493 1667 48 38 at

177 1752 82 45 my
283 1737 99 53 call,
407 1738 90 45 and
520 1743 95 39 seat
637 1737 189 46 himself
840 1737 47 45 in
911 1753 27 29 a
960 1738 122 44 chair
1103 1739 63 59 by
1183 1753 82 44 my
1284 1737 93 45 side
1393 1743 47 39 at
1463 1737 79 44 the

182 1814 385 54 breakfast-table,
604 1815 90 44 and
726 1814 105 60 help
864 1813 189 46 himself
1083 1820 46 39 to
1169 1829 59 29 an
1263 1829 93 45 egg,
1389 1829 47 29 or
1463 1814 80 44 the

180 1905 121 45 wing
324 1889 49 46 of
388 1906 27 29 a
438 1891 185 44 chicken
646 1889 113 46 from
776 1906 80 44 my
874 1891 138 60 plate,
1030 1890 194 45 without
1242 1889 301 60 endangering

182 1980 91 45 any
310 1965 50 46 of
390 1981 81 44 my
506 1967 123 44 table
663 1965 236 45 fm’niture.
974 1967 75 44 He
1086 1966 151 44 would
1274 1980 187 45 partake
1501 1965 50 44 of

184 2040 148 54 coffee,
374 2042 237 53 chocolate,
651 2041 129 54 milk,
821 2047 89 49 tea,
948 2041 112 54 &c.;
1099 2041 90 45 and
1219 2041 216 45 although
1473 2040 70 45 his

183 2117 133 44 usual
354 2132 130 30 mode
521 2117 49 45 of
612 2117 158 61 taking
811 2118 166 44 liquids
1018 2132 93 30 was
1150 2118 63 59 by
1253 2117 184 60 dipping
1470 2116 71 45 his

183 2193 217 45 knuckles
439 2193 95 45 into
573 2200 78 38 the
687 2209 84 45 cup
802 2195 91 44 and
922 2194 166 60 licking
1120 2193 70 45 his
1225 2192 175 61 fingers,
1433 2193 108 53 still,

185 2284 134 30 when
343 2276 267 53 apparently
633 2285 122 30 more
784 2270 183 61 thirsty,
992 2270 57 45 he
1079 2269 150 46 would
1250 2275 107 39 take
1380 2285 61 44 up
1465 2269 79 44 the

184 2346 143 44 vessel
359 2344 113 47 from
508 2346 146 45 which
686 2347 22 44 I
743 2346 73 46 fed
848 2347 96 44 him
979 2347 114 45 with
1126 2346 109 45 both
1268 2346 160 52 hands,
1454 2345 91 44 and

185 2422 133 44 drink
347 2422 91 45 like
462 2439 27 28 a
509 2438 108 29 man
647 2421 112 47 from
789 2438 28 30 a
847 2423 162 60 spring.
1078 2423 87 45 His
1195 2437 217 45 principal
1445 2419 100 46 food

186 2498 219 46 consisted
429 2498 49 46 of
503 2499 148 45 boiled
683 2499 101 54 rice,
820 2500 146 44 boiled
999 2499 136 45 bread
1164 2498 89 45 and
1275 2497 129 52 milk,
1430 2502 114 39 with

187 2590 143 46 sugar,
355 2575 242 61 plantains,
628 2577 215 53 bananas,
877 2591 195 46 oranges,
1104 2575 93 53 &c.,
1233 2574 59 45 all
1321 2572 50 46 of
1397 2571 148 46 which
