2113 3404
877 238 86 29 THK
998 237 241 36 DISORDERS
1272 241 52 31 OF
1356 243 173 31 SPEKCH.

376 217 85 46 374

931 378 109 35 Note
1066 388 52 27 on
1145 380 303 38 Terminology.

424 463 18 36 I
468 476 115 26 never
606 477 65 26 use
695 467 65 38 the
785 473 93 33 term
914 472 19 18 "
950 471 324 39 Mind-Blindness
1289 474 19 18 "
1334 480 158 31 without
1516 474 137 37 feeling
1678 476 30 35 it
1732 479 39 32 to
1795 475 47 36 be
1866 487 21 24 a
1904 487 89 36 very

373 533 91 36 poor
489 528 95 33 term
608 525 58 37 for
689 527 64 37 the
779 534 187 43 symptom
991 532 30 34 it
1046 532 31 35 is
1102 537 125 31 meant
1252 537 37 32 to
1315 533 196 49 designate.
1563 535 79 36 The
1658 539 107 32 term,
1782 547 39 24 as
1845 535 149 47 already

374 583 206 47 explained,
595 586 32 35 is
644 591 126 32 meant
787 592 37 32 to
842 589 187 48 designate
1046 602 21 24 a
1084 591 168 47 patient's
1270 592 72 36 loss
1359 593 40 36 of
1420 593 63 36 the
1503 605 123 36 power
1643 593 40 36 of
1704 594 228 47 recognising
1956 598 40 32 at

374 642 100 47 sight
491 644 137 47 objects
646 645 177 49 formerly
840 647 161 37 familiar
1017 653 38 32 to
1074 649 80 36 him
1171 663 9 31 ;
1204 651 75 36 this
1296 651 73 37 loss
1385 652 111 47 being
1513 653 71 36 due
1601 657 38 32 to
1656 652 64 37 the
1736 653 74 36 fact
1833 653 82 36 that
1932 652 64 37 the

374 700 64 36 old
455 701 121 37 visual
593 703 138 48 images
749 717 40 23 or
805 707 194 35 memories
1017 707 40 36 of
1071 708 63 36 the
1153 709 147 47 objects,
1317 709 203 48 imprinted
1538 722 47 24 on
1603 710 64 36 the
1683 711 106 35 brain
1806 711 50 47 by
1874 711 123 36 efforts

373 759 41 36 of
428 760 63 36 the
508 763 194 45 attention,
721 776 61 24 are
798 776 85 24 now
900 777 49 24 no
975 765 129 49 longer
1127 768 152 36 revived
1303 768 51 36 by
1370 768 64 36 the
1460 768 98 48 sight
1584 769 37 36 of
1645 769 63 36 the
1734 771 136 35 objects
1888 781 109 24 when

374 816 90 48 they
481 830 61 24 are
558 819 135 37 looked
711 825 46 32 at.
810 822 98 36 That
933 823 64 35 the
1023 824 138 48 images
1189 837 61 24 are
1274 830 67 31 not
1369 827 151 35 revived
1548 827 32 35 is
1610 827 117 36 either
1755 827 152 36 because
1930 827 66 36 the

372 881 124 32 centre
515 880 214 48 containing
745 880 104 36 them
866 881 66 36 has
945 882 93 36 been
1052 883 205 48 destroyed,
1273 896 40 24 or
1332 885 153 36 because
1502 886 30 34 it
1544 886 32 35 is
1592 898 84 23 now
1693 890 63 32 cut
1770 886 51 36 off
1835 886 95 36 from
1946 886 49 36 its

372 937 147 36 normal
538 939 224 36 connexions
780 940 92 36 with
902 941 64 36 the
994 942 165 47 primary
1176 944 121 36 visual
1323 948 139 32 centres
1487 945 41 35 in
1544 944 64 37 the
1625 945 169 47 occipital
1811 945 111 36 lobes.
1975 945 19 36 I

372 995 106 48 have,
497 997 41 35 in
567 997 63 37 the
659 1002 89 42 text,
776 1001 193 46 suggested
1000 1001 64 37 the
1093 1006 95 32 term
1218 1003 356 48 Object-Blindness,
1601 1016 38 24 as
1663 1016 22 24 a
1714 1004 198 37 substitute
1939 1005 57 37 for

373 1055 350 40 Mind-Blindness:
750 1059 69 36 but
836 1061 29 34 it
884 1065 134 32 cannot
1043 1062 45 35 be
1107 1062 79 36 said
1202 1062 82 37 that
1308 1075 92 24 even
1426 1063 81 37 that
1531 1069 95 31 term
1650 1064 31 36 is
1706 1064 203 48 altogether
1932 1076 62 36 ap-

371 1116 187 46 propriate
574 1130 8 31 ;
609 1117 154 37 because
781 1119 63 36 the
863 1120 137 47 objects
1017 1133 61 24 are
1095 1121 79 36 still
1193 1133 96 34 seen,
1307 1122 142 48 though
1467 1123 90 47 they
1572 1135 61 24 are
1660 1135 48 24 no
1733 1122 127 49 longer
1875 1135 120 35 recog-

372 1175 219 37 nised—the
608 1178 144 46 patient
769 1178 140 37 having
926 1179 63 36 the
1007 1180 138 36 feeling
1161 1180 82 36 that
1267 1181 47 35 he
1337 1182 32 35 is
1387 1182 123 48 seeing
1527 1182 101 36 them
1645 1182 57 35 for
1717 1181 63 36 the
1798 1183 78 34 first
1893 1182 100 36 time.

373 1235 49 35 In
439 1236 77 35 this
533 1241 152 43 respect,
703 1237 182 47 however,
904 1239 64 36 the
993 1243 95 33 term
1114 1240 346 48 Object-Blindness
1482 1241 124 36 would
1630 1242 46 35 be
1700 1253 48 24 no
1765 1253 113 24 worse
1903 1241 91 35 than

372 1307 71 33 are,
463 1295 57 37 for
544 1296 113 37 allied
683 1299 219 47 conditions,
921 1299 64 36 the
1010 1304 149 32 current
1183 1304 113 32 terms
1313 1301 330 36 Word-Blindness
1664 1301 74 36 and
1754 1300 240 37 Word-Deaf-

372 1367 94 34 ness,
485 1356 124 36 which
635 1370 61 24 are
721 1370 95 36 open
841 1363 38 32 to
904 1360 178 47 precisely
1100 1359 64 37 the
1190 1372 99 24 same
1313 1361 95 35 kind
1434 1361 39 36 of
1495 1362 195 35 objection.
1742 1361 19 35 I
1781 1360 213 47 remember,

372 1426 102 26 some
489 1428 106 35 years
612 1429 78 36 ago,
709 1418 109 36 when
841 1419 19 35 I
879 1431 74 24 was
977 1419 132 36 taking
1132 1423 106 32 notes
1263 1419 40 36 of
1323 1432 22 23 a
1370 1431 79 25 case
1475 1420 39 36 of
1536 1420 307 36 word-blindness
1867 1420 41 35 in
1932 1419 64 36 the

375 1475 211 48 Infirmary,
605 1489 69 24 one
704 1478 39 35 of
767 1490 65 35 my
856 1479 158 47 surgical
1040 1479 213 48 colleagues,
1273 1479 83 36 who
1386 1480 194 47 happened
1608 1484 38 31 to
1676 1484 102 31 enter
1803 1479 63 36 the
1883 1479 112 45 ward,

372 1536 113 35 asked
503 1548 59 24 me
580 1537 99 36 what
697 1550 73 23 was
787 1538 64 36 the
874 1551 80 23 case
981 1539 18 35 I
1019 1551 73 23 was
1109 1539 168 36 working
1301 1544 47 31 at.
1401 1540 19 35 I
1446 1540 80 35 told
1550 1540 81 35 him
1655 1540 30 35 it
1713 1551 70 24 was
1807 1551 22 23 a
1854 1550 78 24 case
1957 1538 40 36 of

373 1596 322 38 word-blindness.
749 1599 21 18 "
786 1598 78 36 Can
881 1598 64 36 the
962 1599 143 47 patient
1131 1603 66 31 not
1214 1611 57 24 see
1290 1599 63 36 the
1367 1600 119 35 words
1498 1600 42 36 1"
1565 1600 47 35 he
1629 1599 121 36 asked.
1802 1599 21 19 "
1836 1598 74 35 She
1927 1610 68 23 can

372 1667 59 24 see
448 1655 139 36 them,"
606 1656 19 35 I
644 1656 88 36 said,
761 1658 21 18 "
796 1656 69 36 but
884 1661 134 32 cannot
1034 1657 186 36 recognise
1237 1657 138 36 them."
1425 1657 21 21 "
1461 1658 106 35 Then
1585 1657 86 36 why
1687 1657 47 35 do
1751 1668 74 35 you
1842 1655 71 36 call
1929 1655 67 35 her

374 1714 251 37 Word-Blind
641 1715 43 37 ?"
701 1715 80 36 said
797 1715 57 36 he.
905 1718 54 34 As
978 1728 180 36 everyone
1175 1716 203 48 beginning
1395 1716 64 36 the
1476 1716 108 36 study
1604 1716 40 36 of
1657 1715 165 36 Aphasia
1838 1715 66 35 has
1919 1715 75 35 this

373 1774 182 36 difficulty
574 1775 42 35 in
641 1776 314 47 comprehending
980 1776 63 35 the
1069 1780 112 31 terms
1207 1776 335 46 Mind-Blindness,
1560 1775 343 38 Word-Blindness,
1921 1773 74 36 and

374 1832 321 37 Word-Deafness,
715 1833 126 36 would
865 1838 66 31 not
955 1833 32 36 it
1003 1833 46 36 be
1066 1833 87 37 well
1176 1837 38 32 to
1240 1833 79 36 find
1343 1833 192 48 improved
1559 1838 217 31 substitutes
1800 1832 57 36 for
1880 1831 114 45 them,

372 1892 75 36 and
464 1892 144 36 discard
625 1892 103 37 them
746 1892 205 37 altogether
963 1893 13 36 ?

420 1952 80 36 The
519 1952 122 37 Greek
657 1954 103 35 word
779 1960 149 31 dyvwala
946 1965 125 24 means
1089 1956 101 33 want
1207 1952 40 36 of
1263 1957 227 42 recognition
1507 1952 39 48 (a
1570 1952 181 48 privative
1775 1953 75 36 and
1873 1960 120 39 yvQais

370 2012 255 48 recognition).
677 2013 71 39 We
777 2013 121 49 might
927 2013 181 36 therefore
1137 2025 65 23 use
1231 2012 65 37 the
1321 2013 102 36 word
1452 2012 224 48 Logagnosia
1698 2013 123 47 (\6yos,
1843 2027 21 23 a
1880 2014 112 46 word,

369 2075 74 35 and
472 2075 165 44 dyvwaia)
666 2086 38 24 as
733 2086 22 24 a
780 2073 149 48 general
958 2077 96 32 term
1081 2073 57 36 for
1167 2072 73 36 loss
1268 2072 39 36 of
1333 2072 64 36 the
1414 2084 123 35 power
1554 2071 40 37 of
1614 2074 230 47 recognising
1863 2075 128 45 words,

370 2133 151 36 audible
539 2145 41 24 or
596 2132 142 37 visible.
791 2132 73 36 For
880 2133 48 35 its
946 2131 201 49 particular
1162 2131 182 36 varieties,
1362 2143 55 23 we
1442 2130 121 48 might
1587 2143 64 23 use
1668 2131 63 35 the
1748 2135 93 32 term
1860 2132 131 36 Visual

369 2191 237 48 Logagnosia,
626 2203 39 25 as
693 2203 22 24 a
744 2196 200 31 substitute
972 2191 57 36 for
1048 2190 330 37 Word-Blindness
1395 2203 10 31 ;
1442 2190 184 48 Auditory
1655 2191 233 47 Logagnosia,
1906 2204 38 24 as
1969 2204 22 24 a

369 2252 201 36 substitute
599 2252 57 35 for
682 2251 334 36 Word-Deafness;
1054 2251 74 36 and
1158 2251 123 35 Motor
1310 2251 235 47 Logagnosia,
1574 2262 38 24 as
1645 2263 22 23 a
1698 2255 96 32 term
1825 2251 56 36 for
1909 2252 81 35 that

368 2310 243 36 interference
628 2309 94 36 with
736 2309 63 36 the
817 2310 186 36 reception
1020 2310 74 35 and
1107 2309 282 36 interpretation
1407 2310 38 34 of
1461 2309 148 36 written
1625 2321 41 24 or
1681 2309 148 47 printed
1847 2310 141 36 speech,

369 2371 74 35 and
462 2382 104 24 even,
579 2373 39 32 to
632 2381 21 24 a
666 2368 115 48 slight
799 2373 136 32 extent,
951 2369 40 36 of
1005 2369 150 36 audible
1173 2368 141 48 speech,
1328 2368 82 36 that
1427 2368 30 36 is
1474 2369 130 35 caused
1621 2369 51 35 by
1684 2368 63 36 the
1766 2369 225 36 destruction

370 2429 40 37 of
424 2429 64 36 the
506 2432 122 33 motor
644 2428 256 37 word-images
926 2433 38 31 at
990 2428 113 45 B,—a
1128 2439 187 37 symptom
1332 2427 56 36 for
1406 2427 121 36 which
1546 2439 54 24 we
1626 2427 93 36 have
1737 2428 162 37 hitherto
1917 2429 73 35 had

371 2502 49 24 no
437 2493 97 32 term
551 2488 40 36 of
605 2500 75 24 any
697 2488 107 36 kind.

414 2549 81 36 The
511 2553 95 31 term
626 2547 172 48 Agnosia,
818 2547 86 36 thus
921 2548 90 35 used
1029 2547 40 35 in
1087 2546 63 37 the
1167 2558 102 24 sense
1286 2546 40 36 of
1339 2545 72 37 loss
1429 2545 40 37 of
1482 2545 63 37 the
1561 2558 123 35 power
1700 2546 40 36 of
1758 2547 224 36 recognising,

368 2608 125 38 would
511 2608 108 35 stand
636 2608 41 34 in
702 2608 152 35 distinct
880 2611 160 32 contrast
1065 2610 38 32 to
1128 2606 63 36 the
1216 2609 95 33 term
1336 2606 187 44 Amnesia,
1541 2605 149 48 already
1707 2606 40 36 in
1771 2618 65 24 use
1860 2619 38 24 as
1923 2607 64 36 the

365 2673 98 32 term
480 2668 55 35 for
551 2667 73 36 loss
642 2667 40 36 of
696 2667 64 36 the
776 2679 124 36 power
918 2666 40 37 of
971 2665 211 47 recollecting
1192 2677 14 33 ;
1231 2664 72 37 and
1321 2664 121 36 would
1468 2665 186 47 designate
1671 2677 21 24 a
1708 2665 133 37 failure
1858 2678 48 24 on
1922 2666 64 36 the

367 2729 78 37 side
471 2728 38 36 of
532 2727 188 36 reception
745 2727 74 36 and
843 2726 294 48 interpretation,
1152 2725 81 47 just
1257 2736 39 24 as
1321 2724 177 37 Amnesia
1523 2724 205 49 designates
1744 2737 21 23 a
1783 2724 132 37 failure
1939 2737 48 24 on

372 2789 63 36 the
453 2787 77 37 side
549 2787 39 35 of
603 2790 232 44 production.

417 2849 46 36 In
482 2847 63 36 the
562 2850 90 33 text,
675 2846 17 35 I
712 2846 93 36 have
823 2846 90 36 used
938 2845 63 35 the
1019 2848 93 32 term
1129 2843 179 36 Amnesia
1325 2842 169 37 Verbalis
1515 2847 38 32 to
1570 2843 187 48 designate
1774 2843 63 36 the
1853 2843 132 36 failure

367 2915 39 32 to
423 2909 72 37 call
512 2920 51 24 up
581 2907 40 36 in
639 2906 63 36 the
720 2918 167 25 memory
904 2905 64 36 the
987 2905 137 36 images
1142 2903 39 37 of
1197 2903 117 37 words
1331 2903 109 36 when
1466 2903 89 47 they
1572 2915 60 24 are
1656 2903 140 36 needed
1820 2903 56 36 for
1900 2915 84 35 pur-

367 2982 104 37 poses
490 2968 40 37 of
543 2966 106 38 vocal
666 2967 211 47 expression
895 2978 40 24 or
949 2964 39 38 of
1002 2964 112 37 silent
1131 2963 184 47 thought;
1340 2963 72 36 and
1430 2963 40 35 in
1488 2963 77 36 like
1579 2974 153 25 manner
1750 2962 17 36 I
1786 2962 94 36 have
1897 2962 89 36 used

369 3029 65 37 the
448 3032 95 33 term
556 3026 178 38 Amnesia
749 3026 208 37 Literarum
970 3024 57 37 for
1040 3024 63 37 the
1114 3023 132 37 failure
1260 3026 37 34 to
1312 3023 71 37 call
1396 3035 51 36 up
1462 3023 63 37 the
1536 3022 120 38 visual
1668 3023 135 47 images
1814 3021 39 37 of
1863 3021 124 37 letters
