2113 3404
853 223 86 31 THE
972 223 243 33 DISORDERS
1249 226 51 30 OF
1333 226 172 32 SPEECH.

355 204 87 42 3-10

357 335 180 42 musical
560 342 134 46 notes,
718 338 160 57 though
908 340 53 42 he
993 341 125 42 could
1151 343 92 41 still
1273 344 96 41 sing
1403 344 104 41 well.
1574 345 67 40 He
1674 344 192 41 retained
1898 344 72 40 the

356 419 144 40 power
521 407 45 41 of
585 409 179 55 reading
787 410 166 55 figures,
975 411 85 42 aud
1082 413 126 41 could
1231 413 53 41 do
1309 414 162 41 mental
1494 414 282 42 calculations
1797 427 45 28 as
1874 413 93 41 well

356 488 46 28 as
425 476 213 57 formerly,
708 480 64 43 lie
796 480 83 41 had
902 481 115 54 right
1040 482 311 56 homonymous
1376 483 302 44 hemianopsia.

414 545 90 42 Ten
527 547 106 55 days
667 549 141 42 before
840 549 68 43 his
938 550 145 51 death,
1114 551 54 42 he
1202 553 171 41 became
1405 553 213 55 suddenly
1652 553 178 43 affected
1864 559 101 35 with

356 630 102 40 very
497 619 273 52 pronounced
809 620 265 54 paraphasia,
1111 622 83 41 and
1234 623 103 41 with
1370 624 102 41 total
1504 625 238 54 agraphia;
1777 631 191 41 without,

353 685 212 53 however,
587 703 85 40 any
696 689 212 54 paralysis
930 692 46 40 of
995 692 163 40 motion
1185 707 45 26 or
1260 693 84 42 loss
1366 694 45 40 of
1440 694 331 42 consciousness.
1833 694 135 41 There

355 771 87 27 was
476 772 53 26 no
560 763 116 38 trace
701 760 44 40 of
776 760 336 43 word-deafness
1133 777 8 33 ;
1171 764 84 39 and
1287 763 54 41 he
1375 763 190 42 retained
1599 764 66 41 his
1697 764 273 46 intelligence

353 831 45 37 to
423 827 72 42 the
518 828 93 41 end.
675 829 70 41 He
768 830 98 41 died
889 830 225 55 suddenly.

412 898 63 41 At
507 898 73 42 the
604 904 197 50 autopsy,
819 900 118 42 there
961 915 85 27 was
1072 902 281 55 found,—(1.)
1378 917 54 28 an
1454 903 70 42 old
1547 903 147 42 lesion,
1711 917 24 28 a
1757 909 214 49 softening

356 969 139 41 which
532 969 83 41 had
653 970 227 55 destroyed
915 971 73 42 the
1021 986 162 27 cuneus
1216 974 81 39 and
1331 988 116 27 some
1480 974 46 41 of
1554 974 73 41 the
1660 974 309 54 neighbouring

352 1038 303 41 convolutions
678 1040 46 40 of
743 1039 72 42 the
846 1041 199 54 occipital
1079 1042 106 42 lobe,
1217 1043 84 40 and
1334 1043 83 41 had
1450 1043 212 41 extended
1694 1043 152 55 deeply
1878 1044 92 41 into

352 1108 74 42 the
451 1108 131 43 white
607 1115 165 46 matter,
796 1125 46 27 so
865 1125 44 27 as
932 1111 89 41 also
1048 1117 43 36 to
1123 1118 75 35 cut
1228 1126 139 28 across
1401 1113 71 41 the
1505 1115 123 40 fibres
1659 1114 172 54 passing
1862 1115 107 39 from

352 1177 73 43 the
447 1179 117 55 right
597 1180 200 54 occipital
829 1180 97 42 lobe
961 1186 41 35 to
1036 1182 73 41 the
1141 1182 180 53 angular
1352 1182 288 41 convolution.
1702 1182 102 41 This
1835 1182 132 42 lesion

350 1250 238 42 accounted
613 1251 62 40 for
697 1250 73 42 the
792 1250 327 54 long-standing
1152 1252 358 42 word-blindness
1544 1253 182 41 without
1757 1253 211 53 agraphia,

350 1320 86 41 and
460 1321 63 41 for
544 1321 74 42 the
640 1321 306 55 hemianopsia.
1010 1322 78 55 (2.)
1120 1322 42 41 A
1183 1329 147 35 recent
1352 1323 147 49 lesion,
1524 1324 89 40 viz.,
1634 1337 25 27 a
1681 1323 216 42 softening
1926 1323 46 40 of

350 1389 74 43 the
446 1391 182 54 angular
650 1392 82 40 and
757 1392 363 54 supra-marginal
1142 1392 312 42 convolutions,
1480 1392 136 42 which
1648 1392 233 42 accounted
1904 1392 64 40 for

352 1459 73 42 the
454 1466 145 35 recent
632 1475 266 40 appearance
922 1463 42 40 of
987 1462 201 55 agraphia
1211 1463 82 39 and
1318 1462 275 54 paraphasia;
1624 1463 70 40 the
1719 1462 251 54 paraphasia

351 1531 139 55 being,
533 1545 55 28 no
630 1532 146 41 doubt,
819 1533 83 40 due
947 1540 41 33 to
1037 1548 24 25 a
1112 1533 277 41 disturbance
1441 1534 45 39 of
1534 1534 72 40 the
1659 1533 309 53 neighbouring

350 1600 200 55 auditory
574 1601 282 42 word-centre
879 1602 50 41 A.
993 1602 89 42 The
1105 1616 94 27 case
1236 1602 34 41 is
1304 1602 100 41 thus
1440 1603 43 40 in
1520 1616 128 41 every
1680 1616 90 27 way
1802 1616 24 27 a
1858 1606 110 36 most

351 1671 257 42 instructive
630 1671 87 41 and
738 1671 212 57 complete
973 1686 89 28 one.

409 1813 173 41 Among
604 1812 74 42 the
700 1826 117 28 cases
839 1813 43 40 of
906 1812 359 41 word-blindness
1291 1813 138 40 which
1453 1813 107 41 have
1584 1826 117 28 come
1726 1812 136 42 under
1896 1826 69 40 my

350 1896 97 27 own
470 1882 287 41 observation,
784 1882 15 40 I
826 1882 108 41 have
958 1882 83 40 had
1065 1887 85 36 two
1173 1883 44 39 in
1242 1882 137 41 which
1405 1882 71 41 the
1500 1883 186 53 patients
1711 1897 105 27 were
1835 1895 133 27 under

350 1965 73 41 my
466 1952 271 41 observation
783 1953 63 40 for
886 1965 136 41 years,
1064 1951 85 41 and
1193 1952 42 40 in
1283 1952 139 41 which
1468 1952 19 40 I
1531 1952 82 40 had
1655 1951 313 55 opportunities

349 2022 45 42 of
430 2023 250 41 examining
717 2022 74 41 the
829 2022 121 41 brain
982 2027 296 49 post-mortem.
1342 2022 53 40 In
1432 2022 104 41 both
1572 2035 127 29 cases,
1730 2021 120 42 there
1882 2036 85 27 was

349 2093 223 41 extensive
595 2093 165 41 disease
792 2093 47 41 of
868 2092 73 42 the
973 2092 201 42 occipital
1207 2092 105 41 lobe.
1374 2091 144 42 Along
1553 2098 103 35 with
1693 2092 273 41 word-blind-

350 2178 110 36 ness,
482 2164 100 41 they
613 2163 104 41 both
753 2163 225 55 presented
1018 2162 295 42 well-marked
1352 2162 302 41 hemianopsia.
1716 2161 62 42 As
1812 2177 24 26 a
1870 2176 96 27 con-

351 2235 212 41 tribution
587 2239 43 37 to
653 2234 73 42 the
748 2234 179 54 subject,
951 2232 20 41 I
995 2247 95 27 now
1114 2233 179 54 proceed
1318 2240 41 33 to
1383 2232 123 42 make
1539 2246 25 28 a
1596 2232 121 42 short
1747 2232 145 42 record
1925 2233 44 40 of

350 2305 121 42 these
494 2309 85 37 two
601 2318 127 28 cases.

410 2446 118 42 Case
561 2445 58 41 II.
644 2443 226 55 (Personal
887 2442 404 42 observation.)—J.
1317 2442 52 50 S.,
1390 2446 67 38 set.
1483 2441 54 44 72
1557 2456 9 37 ;
1596 2440 116 42 clerk
1735 2440 43 41 of
1809 2440 135 40 works
1959 2455 10 39 j

349 2515 212 56 appeared
594 2529 45 27 as
671 2529 54 26 an
758 2513 266 42 out-patient
1054 2518 45 36 at
1131 2513 72 41 the
1230 2513 138 54 Eoyal
1393 2512 226 54 Infirmary
1642 2526 54 26 on
1732 2512 237 41 December

353 2587 118 41 12th,
497 2586 121 41 1889.

410 2657 90 42 The
522 2660 179 52 patient,
727 2654 92 41 who
853 2667 85 28 was
961 2667 24 27 a
1009 2667 98 27 man
1131 2653 43 41 of
1200 2653 84 41 fine
1305 2652 225 55 physique,
1553 2652 83 41 had
1658 2652 181 55 enjoyed
1860 2651 107 56 good

350 2728 150 42 health
523 2726 113 42 until
670 2726 172 40 August
877 2724 126 41 1885.
1067 2723 69 42 He
1169 2724 118 49 then,
1309 2728 44 36 at
1385 2723 73 41 the
1490 2737 75 41 age
1597 2724 46 40 of
1672 2723 66 50 68,
1760 2722 133 56 began
1924 2727 43 35 to

350 2800 132 42 suffer
520 2799 108 41 from
667 2808 240 42 symptoms
944 2793 208 42 referable
1191 2799 42 36 to
1270 2793 67 42 his
1374 2807 183 28 nervous
1593 2798 172 49 system.
1831 2793 135 41 These

350 2869 206 43 included
590 2868 85 41 loss
710 2866 44 41 of
787 2879 143 41 power
962 2864 44 40 in
1042 2863 72 42 the
1146 2863 115 56 right
1293 2864 113 40 hand
1437 2864 82 41 and
1544 2863 72 42 the
1638 2863 80 42 left
1740 2863 100 49 foot,
1864 2862 101 41 with

351 2956 116 27 some
506 2952 218 28 muscular
763 2935 183 41 wasting
983 2934 83 41 and
1107 2933 178 42 distinct
1322 2934 277 54 impairment
1639 2934 43 40 of
1724 2932 242 53 sensibility

350 3014 41 40 in
428 3012 129 42 them.
624 3007 69 43 He
726 3006 83 41 had
841 3010 45 37 at
918 3005 73 41 the
1023 3018 116 28 same
1172 3006 105 40 time
1313 3018 117 27 some
1464 3004 96 54 pain
1595 3001 40 45 in
1672 3003 73 40 the
1784 3001 106 42 back
1926 3001 44 42 of
