1817 3171
400 263 87 47 178

717 274 91 30 THE
832 274 364 31 LARGE-HEADEI)
1221 274 215 32 SAPAJOU.

395 399 150 44 would
579 397 120 47 often
734 399 93 46 ride
861 415 119 45 upon
1014 415 27 29 a
1072 415 86 38 cat,
1185 400 147 45 which
1354 400 92 45 had
1468 402 111 43 been
1602 400 153 47 reared

394 473 48 46 in
465 474 59 46 its
546 491 234 45 company,
817 477 90 45 and
930 477 147 45 which
1101 476 225 62 patiently
1350 477 190 45 suffered
1563 483 78 39 the
1675 493 80 29 ex-

393 551 133 61 ploits
549 551 51 46 of
613 553 78 45 the
719 553 285 60 Oiiavapavi.

460 629 111 45 Like
586 629 77 46 the
679 629 213 46 Guenons
911 629 49 46 of
969 630 78 45 the
1063 630 88 46 Old
1166 629 258 55 Continent,
1443 631 78 45 the
1536 631 215 61 Sapajous

393 720 74 30 are
490 712 78 38 the
601 711 116 39 most
751 721 240 30 numerous
1023 721 137 46 group
1184 705 46 46 in
1254 707 238 53 America;
1528 706 153 46 fifteen
1705 722 47 30 or

393 783 173 44 sixteen
603 798 164 45 species
801 798 119 30 seem
943 790 45 39 to
1022 785 54 43 be
1099 784 103 45 well
1236 784 282 52 established,
1554 784 90 44 and
1676 798 74 30 are

396 860 292 44 enumerated
710 859 47 45 in
781 874 79 31 our
881 860 227 61 Synopsis.
1174 860 91 45 We
1289 860 114 44 shall
1426 860 106 60 only
1556 859 194 46 describe

396 936 187 44 another
605 935 48 46 in
675 936 91 45 this
789 936 139 61 place,
964 935 149 46 which
1145 935 39 46 is
1205 938 276 43 remarkable
1504 936 160 61 chiefly
1686 934 64 47 for

390 1018 80 39 the
492 1019 124 54 great
642 1011 298 62 proportional
963 1012 89 46 size
1076 1012 50 46 of
1140 1013 78 45 the
1240 1013 130 45 head.
1438 1013 44 45 It
1505 1012 52 54 is.

641 1368 110 38 THE
778 1368 427 39 LARGE-HEADED
1237 1368 259 39 SAPAJOU.

742 1475 127 38 Cebus
887 1486 215 26 monachus
1170 1474 42 36 F.
1234 1473 165 39 Cuvier.

942 1579 134 36 Plate
1098 1578 143 37 XXII.

390 1684 53 37 Lc
462 1697 50 23 sai
534 1697 22 23 a
574 1696 116 36 grosse
722 1690 91 39 tete,
828 1696 101 24 male
944 1696 12 32 ;
984 1682 119 38 Cebns
1129 1683 210 44 monachus,
1364 1683 189 35 Frederic
1582 1682 159 46 Cuvier^

660 1749 181 37 Histoire
859 1747 216 37 Naturelle
1093 1748 66 36 des
1176 1746 290 46 Mammiferes.

455 1855 103 44 The
581 1859 118 40 most
722 1853 189 61 striking
933 1851 170 46 feature
1126 1851 48 46 in
1195 1852 91 44 this
1310 1851 169 45 animal
1500 1851 38 46 is
1560 1859 78 38 the
1657 1851 88 47 size

387 1930 50 46 of
452 1931 78 45 the
551 1930 146 54 head;
724 1930 89 46 and
835 1936 79 38 the
937 1928 129 46 effect
1087 1928 38 46 is
1147 1928 269 61 heightened
1439 1929 62 60 by
1522 1934 79 40 the
1625 1944 120 30 short

388 2023 48 29 or
459 2007 246 45 shom-like
729 2006 139 45 white
902 2006 124 47 hairs
1056 2004 148 46 which
1238 2020 127 30 cover
1397 2005 67 54 it;
1499 2005 77 45 the
1598 2006 147 44 breast

389 2084 89 44 and
501 2084 137 60 belly,
664 2083 114 45 sides
802 2082 50 47 of
873 2089 78 39 the
975 2082 174 53 cheeks,
1181 2082 90 45 and
1294 2082 145 45 whole
1461 2080 117 47 front
1601 2080 142 47 before

386 2167 78 38 the
497 2175 133 39 arms,
667 2175 73 30 are
783 2158 429 62 yellowish-white;
1252 2159 79 44 the
1363 2157 246 55 fore-arms,
1644 2173 101 45 pos-

385 2243 135 38 terior
541 2235 291 54 extremities,
859 2236 90 44 and
971 2235 97 54 tail,
1095 2250 73 30 are
1191 2236 159 53 black;
1387 2235 90 45 and
1499 2251 27 29 a
1547 2241 198 38 mixture

387 2311 51 46 of
466 2312 131 45 black
636 2312 89 45 and
762 2314 170 51 brown,
969 2312 203 45 disposed
1210 2311 48 45 in
1297 2311 212 61 irregular
1545 2311 196 60 patches,

387 2404 148 30 covers
558 2389 78 45 the
658 2390 113 44 back
794 2389 90 45 and
906 2395 90 39 rest
1019 2387 50 47 of
1088 2388 78 46 the
1192 2389 134 45 body.
1393 2389 51 44 F.
1464 2388 163 45 Cuvier
1649 2401 92 31 was

387 2465 204 60 ignorant
611 2464 114 47 from
750 2466 123 45 what
896 2471 101 56 part
1020 2464 49 48 of
1080 2465 210 46 America
1312 2465 69 45 his
1405 2463 219 46 specimen
1648 2477 91 31 was

387 2541 215 46 received.
