2113 3404
322 202 82 42 290

823 220 87 30 THE
944 221 240 33 DISORDERS
1216 224 53 30 OF
1301 225 172 32 SPEECH.

324 331 85 44 tive
427 333 91 44 side
536 336 44 42 of
601 338 168 54 speech,
785 339 86 42 and
888 339 208 44 Amnesia
1112 342 107 42 with
1241 343 259 55 Paraphasia
1521 357 53 28 on
1598 344 55 41 its
1677 356 247 42 productive

325 403 126 57 being
473 406 73 43 the
568 407 174 57 leading
763 416 241 49 symptoms
1027 412 46 41 of
1092 413 200 56 auditory
1314 414 186 43 aphasia.

379 474 256 46 Associated
667 479 107 42 with
806 481 208 43 Amnesia
1044 481 199 44 Verbalis
1275 484 119 42 there
1426 485 36 41 is
1494 489 119 36 often
1659 482 95 43 that
1783 482 154 56 partial

322 547 192 42 amnesia
555 548 44 42 of
640 549 139 43 words
821 551 141 42 which
996 552 22 41 I
1051 552 109 43 have
1195 554 162 42 termed
1388 553 289 43 Articulative
1719 552 217 43 Amnesia.

322 616 89 43 The
454 619 117 42 word
612 619 37 42 is
691 621 293 43 remembered
1026 623 46 41 in
1113 637 24 28 a
1177 624 172 55 general
1387 638 105 41 way,
1528 625 77 41 but
1645 636 116 30 some
1798 623 43 41 of
1881 623 56 41 its

322 686 273 44 articulative
627 688 155 43 details
813 703 69 28 are
916 691 228 55 forgotten,
1176 706 45 28 so
1264 693 106 51 that,
1401 693 125 42 when
1567 691 228 57 produced,
1827 692 35 40 it
1901 691 36 41 is

323 756 149 56 barely
493 759 300 54 recognisable.
857 760 117 42 Here
996 761 84 43 and
1103 762 120 42 there
1244 763 46 41 in
1312 777 24 27 a
1359 767 211 38 sentence,
1592 776 25 28 a
1642 762 168 55 patient
1832 767 103 35 with

323 827 202 55 auditory
547 829 178 54 aphasia
746 843 99 41 may
867 830 188 54 produce
1087 845 24 27 a
1143 832 116 42 word
1291 832 141 42 which
1462 832 122 43 bears
1615 832 73 42 the
1720 844 145 28 marks
1895 830 46 42 of

323 896 85 42 this
430 897 292 43 Articulative
743 899 231 53 Amnesia;
1006 902 84 41 and
1108 902 73 42 the
1206 902 135 42 words
1360 903 99 41 thus
1475 900 270 58 imperfectly
1762 914 175 29 remem-

323 964 129 42 bered
473 978 70 29 are
566 966 65 41 for
652 966 74 42 the
748 971 113 38 most
882 971 98 51 part
1001 968 163 42 Nouns.

382 1103 37 43 2.
451 1103 196 43 Effects
680 1115 58 31 on
770 1105 382 44 Whiting.—The
1185 1121 115 28 same
1336 1108 205 42 Amnesia
1571 1107 209 42 Verbalis,
1811 1106 125 42 Para-

324 1173 160 56 phasia,
506 1175 86 41 and
615 1175 290 43 Articulative
928 1177 209 42 Amnesia
1168 1178 97 42 that
1296 1192 69 29 are
1397 1178 224 56 displayed
1651 1177 46 43 in
1719 1182 115 36 what
1864 1176 72 42 the

324 1245 167 54 patient
523 1259 99 42 says
664 1261 71 28 are
775 1247 90 42 also
908 1248 223 55 displayed
1170 1249 47 41 in
1254 1249 116 41 what
1405 1249 54 42 he
1492 1255 153 35 writes,
1667 1247 84 42 and
1787 1247 45 40 in
1869 1246 67 41 his

321 1316 194 56 spelling.
578 1317 194 57 "Writing
793 1319 48 41 is,
864 1319 47 41 of
933 1333 160 29 course,
1116 1335 23 26 a
1163 1335 112 27 mere
1307 1321 340 42 representation
1678 1319 43 42 of
1752 1317 185 42 internal

320 1388 182 55 speech:
527 1388 85 42 and
635 1389 74 42 the
731 1391 338 53 representation
1094 1391 216 42 naturally
1334 1391 187 42 exhibits
1548 1390 59 42 all
1632 1390 74 42 the
1735 1388 131 43 faults
1895 1389 45 41 of

322 1457 73 42 the
413 1457 191 56 original.
668 1459 55 41 In
740 1459 98 51 fact,
852 1460 35 40 it
904 1473 136 29 seems
1059 1461 105 42 that,
1178 1461 45 41 in
1241 1466 76 36 not
1334 1476 23 26 a
1373 1461 79 42 few
1472 1474 127 28 cases,
1613 1460 72 41 the
1703 1462 232 38 character-

319 1528 100 41 istic
442 1528 132 42 faults
598 1543 70 28 are
695 1529 222 43 exhibited
939 1544 108 28 even
1080 1545 115 28 more
1227 1531 233 55 strikingly
1482 1532 45 40 in
1553 1535 112 36 what
1696 1530 36 40 is
1765 1535 167 34 written

321 1598 105 42 than
457 1599 47 41 in
527 1599 117 41 what
674 1599 37 42 is
744 1600 174 54 spoken.
982 1601 88 41 The
1102 1615 124 28 name
1258 1601 288 55 Paragraphia
1567 1601 36 41 is
1624 1601 127 54 given
1786 1604 43 36 to
1862 1598 71 41 the

318 1670 255 55 paraphasia
596 1670 101 42 thus
721 1670 223 42 exhibited
964 1671 47 41 in
1034 1677 182 50 writing.

378 1741 23 41 I
424 1755 97 27 now
543 1741 181 55 proceed
747 1746 42 36 to
820 1741 216 43 illustrate
1069 1742 120 42 these
1211 1742 150 42 Faults
1385 1742 41 42 of
1453 1740 218 57 Outgoing
1694 1739 160 55 Speech
1877 1739 55 55 by

320 1811 169 42 further
510 1812 114 41 brief
641 1812 237 42 references
902 1817 43 37 to
968 1812 204 43 recorded
1193 1826 126 29 cases.

377 1953 119 42 Case
517 1953 78 42 VI.
619 1953 86 54 (Dr
726 1953 259 43 Broadbent,
1010 1954 84 42 The
1116 1955 162 50 Lancet,
1302 1953 126 57 1878,
1451 1968 38 41 p.
1515 1953 112 43 312.)
1694 1953 97 42 Case
1811 1966 124 28 show-

320 2025 73 41 ing
425 2027 20 19 "
465 2024 213 42 Gibberish
706 2024 338 55 Aphasia."—A
1074 2039 114 37 man,
1219 2025 105 56 aged
1354 2025 69 41 49,
1445 2025 85 41 had
1561 2025 84 41 had
1676 2037 55 28 an
1762 2037 174 28 obscure

319 2093 189 43 cerebral
529 2094 164 42 seizure
717 2094 142 42 which
881 2094 81 42 left
983 2095 90 41 him
1103 2094 186 55 aphasic,
1312 2095 79 42 but
1422 2098 76 38 not
1527 2093 237 56 paralysed,
1785 2097 151 50 except

320 2168 95 37 that
447 2163 53 42 he
532 2163 86 42 had
650 2177 25 28 a
706 2163 134 56 slight
871 2164 161 55 paresis
1065 2164 44 42 of
1140 2164 74 42 the
1246 2178 116 27 right
1393 2164 90 41 side
1515 2164 45 41 of
1587 2163 67 41 his
1686 2163 103 41 face.
1853 2162 82 41 His

318 2234 155 43 speech
507 2248 86 28 was
624 2234 187 42 reduced
844 2239 43 37 to
920 2240 319 50 unintelligible
1271 2234 228 55 gibberish,
1529 2234 47 41 in
1608 2233 74 42 the
1723 2233 131 42 midst
1894 2233 45 40 of

321 2305 139 42 which
483 2318 80 28 one
586 2304 126 42 could
735 2305 263 55 distinguish
1021 2319 24 27 a
1066 2305 82 41 few
1170 2305 138 41 words
1340 2305 108 41 from
1482 2304 103 42 time
1617 2308 43 37 to
1692 2303 114 50 time,
1830 2303 105 41 such

319 2389 45 29 as
385 2379 22 18 "
422 2375 46 42 If
506 2389 86 41 you
623 2375 156 55 please,
803 2374 103 43 Sir."
969 2375 89 42 The
1094 2375 169 55 patient
1304 2374 223 55 evidently
1569 2374 206 42 believed,
1812 2374 122 40 when

319 2446 219 56 speaking,
571 2445 96 42 that
698 2446 54 42 he
785 2459 86 29 was
904 2446 251 54 expressing
1185 2445 174 42 himself
1389 2445 273 54 intelligibly.
1723 2445 211 54 Requests

322 2521 41 36 to
397 2515 125 41 make
553 2514 91 42 him
678 2513 53 43 do
764 2514 158 56 things,
944 2514 124 42 made
1100 2515 36 41 it
1167 2514 174 42 evident
1374 2519 95 37 that
1499 2514 54 43 he
1585 2528 84 28 was
1692 2514 240 42 word-deaf.

320 2587 83 41 For
425 2585 209 54 example,
657 2584 125 42 when
809 2585 53 41 he
884 2599 86 27 was
1002 2585 131 41 asked
1167 2589 43 37 to
1240 2585 97 55 give
1362 2585 66 42 his
1461 2584 126 42 hand,
1610 2585 52 41 he
1693 2584 240 53 invariably

317 2662 82 52 put
420 2660 76 38 out
517 2656 67 42 his
607 2660 170 38 tongue.
839 2655 73 42 An
935 2660 182 51 autopsy
1140 2655 172 42 showed
1337 2669 24 27 a
1381 2669 103 42 very
1511 2655 222 42 extensive
1765 2668 97 29 area
1892 2654 46 41 of

318 2727 220 44 softening
561 2726 138 41 which
723 2725 204 42 involved
950 2725 72 42 the
1045 2725 78 43 left
1145 2725 93 43 first
1259 2725 208 43 temporal
1490 2731 287 36 convolution.

377 2800 101 41 Two
500 2797 122 43 other
638 2796 165 56 typical
820 2810 117 28 cases
955 2796 46 42 of
1020 2796 228 43 Gibberish
1267 2796 192 55 Aphasia
1478 2796 88 42 will
1582 2797 51 41 be
1651 2796 132 42 found
1805 2800 45 37 at
1865 2809 66 41 pp.

320 2871 83 41 200
427 2868 86 42 and
547 2868 84 41 201
665 2868 47 40 of
741 2867 67 42 Sir
839 2867 198 41 Frederic
1069 2865 249 43 Bateman's
1341 2866 128 42 work.
1533 2866 53 42 In
1618 2881 79 27 one
1729 2866 46 42 of
1802 2866 131 51 these,

319 2954 201 30 recorded
543 2937 230 57 originally
806 2937 56 42 by
886 2937 64 42 Dr
973 2936 203 43 Osborne,
1198 2936 72 43 the
1302 2936 167 55 patient
1501 2936 226 43 expressed
1758 2935 173 43 himself

320 3014 43 46 in
385 3025 46 30 so
458 3008 325 45 extraordinary
806 3021 25 29 a
847 3007 152 60 jargon
1022 3006 96 44 that
1151 3007 52 43 he
1228 3021 83 30 was
1344 3006 162 43 treated
1537 3020 47 29 as
1615 3021 23 27 a
1660 3006 208 58 foreigner
1889 3010 44 38 at
