<?xml version="1.0" encoding="UTF-8"?>
<alto xmlns="http://www.loc.gov/standards/alto/ns-v2#" xmlns:xsi="http://www.w3.org/2001/XMLSchema-instance" xsi:schemaLocation="http://www.loc.gov/standards/alto/ns-v2# http://www.loc.gov/standards/alto/alto.xsd">
  <Description>
    <MeasurementUnit>pixel</MeasurementUnit>
    <sourceImageInformation>
      <fileName>b21273911_abbyy.xml</fileName>
    </sourceImageInformation>
    <OCRProcessing ID="OCR_1">
      <preProcessingStep>
        <processingDateTime>2014-10-24T02:15:27</processingDateTime>
        <processingAgency>intranda GmbH, www.intranda.com</processingAgency>
        <processingSoftware>
          <softwareCreator>intranda GmbH, Germany</softwareCreator>
          <softwareName>intranda OCR Module for TaskManager</softwareName>
          <softwareVersion>1.0r42</softwareVersion>
        </processingSoftware>
      </preProcessingStep>
      <ocrProcessingStep>
        <processingSoftware>
          <softwareCreator>ABBYY (BIT Software), Russia</softwareCreator>
          <softwareName>FineReader Engine</softwareName>
          <softwareVersion>10</softwareVersion>
        </processingSoftware>
      </ocrProcessingStep>
    </OCRProcessing>
  </Description>
  <Layout>
    <Page PHYSICAL_IMG_NR="58" ID="PAGE_58" WIDTH="2125" HEIGHT="3524">
      <TopMargin ID="TopMargin_1" HPOS="329" VPOS="277" WIDTH="1136" HEIGHT="54">
        <TextBlock ID="TextBlock_246" HPOS="329" VPOS="277" WIDTH="1136" HEIGHT="54">
          <TextLine ID="TextLine_1897" HPOS="813" VPOS="296" WIDTH="652" HEIGHT="35">
            <String ID="Word_18473" HPOS="813" VPOS="296" WIDTH="86" HEIGHT="31" CONTENT="THE" />
            <SP ID="SP_16577" HPOS="899" VPOS="296" WIDTH="33" HEIGHT="0" />
            <String ID="Word_18474" HPOS="932" VPOS="296" WIDTH="242" HEIGHT="33" CONTENT="DISORDERS" />
            <SP ID="SP_16578" HPOS="1174" VPOS="296" WIDTH="33" HEIGHT="0" />
            <String ID="Word_18475" HPOS="1207" VPOS="299" WIDTH="53" HEIGHT="31" CONTENT="OF" />
            <SP ID="SP_16579" HPOS="1260" VPOS="299" WIDTH="31" HEIGHT="0" />
            <String ID="Word_18476" HPOS="1291" VPOS="300" WIDTH="174" HEIGHT="31" CONTENT="SPEECH." />
          </TextLine>
          <TextLine ID="TextLine_1896" HPOS="329" VPOS="277" WIDTH="58" HEIGHT="41">
            <String ID="Word_18472" HPOS="329" VPOS="277" WIDTH="58" HEIGHT="41" CONTENT="44" />
          </TextLine>
        </TextBlock>
      </TopMargin>
      <PrintSpace ID="PrintSpace_59" HPOS="480" VPOS="3065" WIDTH="1316" HEIGHT="61">
        <TextBlock ID="TextBlock_244" HPOS="325" VPOS="402" WIDTH="1640" HEIGHT="2587">
          <TextLine ID="TextLine_1898" HPOS="333" VPOS="408" WIDTH="1610" HEIGHT="64">
            <String ID="Word_18477" HPOS="333" VPOS="408" WIDTH="175" HEIGHT="54" CONTENT="myself;" />
            <SP ID="SP_16580" HPOS="508" VPOS="408" WIDTH="21" HEIGHT="0" />
            <String ID="Word_18478" HPOS="529" VPOS="410" WIDTH="105" HEIGHT="43" CONTENT="each" />
            <SP ID="SP_16581" HPOS="634" VPOS="410" WIDTH="22" HEIGHT="0" />
            <String ID="Word_18479" HPOS="656" VPOS="414" WIDTH="256" HEIGHT="56" CONTENT="succeeding" />
            <SP ID="SP_16582" HPOS="912" VPOS="414" WIDTH="22" HEIGHT="0" />
            <String ID="Word_18480" HPOS="934" VPOS="416" WIDTH="134" HEIGHT="55" CONTENT="cough" />
            <SP ID="SP_16583" HPOS="1068" VPOS="416" WIDTH="19" HEIGHT="0" />
            <String ID="Word_18481" HPOS="1087" VPOS="417" WIDTH="161" HEIGHT="55" CONTENT="having" />
            <SP ID="SP_16584" HPOS="1248" VPOS="417" WIDTH="21" HEIGHT="0" />
            <String ID="Word_18482" HPOS="1269" VPOS="417" WIDTH="139" HEIGHT="42" CONTENT="added" />
            <SP ID="SP_16585" HPOS="1408" VPOS="417" WIDTH="24" HEIGHT="0" />
            <String ID="Word_18483" HPOS="1432" VPOS="422" WIDTH="43" HEIGHT="37" CONTENT="to" />
            <SP ID="SP_16586" HPOS="1475" VPOS="417" WIDTH="22" HEIGHT="0" />
            <String ID="Word_18484" HPOS="1497" VPOS="417" WIDTH="36" HEIGHT="42" CONTENT="it" />
            <SP ID="SP_16587" HPOS="1533" VPOS="417" WIDTH="21" HEIGHT="0" />
            <String ID="Word_18485" HPOS="1554" VPOS="431" WIDTH="25" HEIGHT="28" CONTENT="a" />
            <SP ID="SP_16588" HPOS="1579" VPOS="430" WIDTH="17" HEIGHT="0" />
            <String ID="Word_18486" HPOS="1596" VPOS="431" WIDTH="115" HEIGHT="27" CONTENT="more" />
            <SP ID="SP_16589" HPOS="1711" VPOS="417" WIDTH="17" HEIGHT="0" />
            <String ID="Word_18487" HPOS="1728" VPOS="417" WIDTH="83" HEIGHT="41" CONTENT="and" />
            <SP ID="SP_16590" HPOS="1811" VPOS="417" WIDTH="18" HEIGHT="0" />
            <String ID="Word_18488" HPOS="1829" VPOS="431" WIDTH="114" HEIGHT="28" CONTENT="more" />
          </TextLine>
          <TextLine ID="TextLine_1899" HPOS="331" VPOS="477" WIDTH="1612" HEIGHT="64">
            <String ID="Word_18489" HPOS="331" VPOS="477" WIDTH="236" HEIGHT="55" CONTENT="prolonged" />
            <SP ID="SP_16591" HPOS="567" VPOS="477" WIDTH="23" HEIGHT="0" />
            <String ID="Word_18490" HPOS="590" VPOS="482" WIDTH="122" HEIGHT="41" CONTENT="vocal" />
            <SP ID="SP_16592" HPOS="712" VPOS="482" WIDTH="26" HEIGHT="0" />
            <String ID="Word_18491" HPOS="738" VPOS="482" WIDTH="201" HEIGHT="53" CONTENT="element," />
            <SP ID="SP_16593" HPOS="939" VPOS="482" WIDTH="23" HEIGHT="0" />
            <String ID="Word_18492" HPOS="962" VPOS="486" WIDTH="112" HEIGHT="41" CONTENT="until" />
            <SP ID="SP_16594" HPOS="1074" VPOS="486" WIDTH="32" HEIGHT="0" />
            <String ID="Word_18493" HPOS="1106" VPOS="486" WIDTH="72" HEIGHT="42" CONTENT="the" />
            <SP ID="SP_16595" HPOS="1178" VPOS="486" WIDTH="33" HEIGHT="0" />
            <String ID="Word_18494" HPOS="1211" VPOS="486" WIDTH="136" HEIGHT="54" CONTENT="cough" />
            <SP ID="SP_16596" HPOS="1347" VPOS="486" WIDTH="24" HEIGHT="0" />
            <String ID="Word_18495" HPOS="1371" VPOS="486" WIDTH="138" HEIGHT="42" CONTENT="ended" />
            <SP ID="SP_16597" HPOS="1509" VPOS="486" WIDTH="33" HEIGHT="0" />
            <String ID="Word_18496" HPOS="1542" VPOS="486" WIDTH="103" HEIGHT="40" CONTENT="with" />
            <SP ID="SP_16598" HPOS="1645" VPOS="486" WIDTH="23" HEIGHT="0" />
            <String ID="Word_18497" HPOS="1668" VPOS="500" WIDTH="25" HEIGHT="27" CONTENT="a" />
            <SP ID="SP_16599" HPOS="1693" VPOS="486" WIDTH="21" HEIGHT="0" />
            <String ID="Word_18498" HPOS="1714" VPOS="487" WIDTH="229" HEIGHT="54" CONTENT="prolonged" />
          </TextLine>
          <TextLine ID="TextLine_1900" HPOS="333" VPOS="549" WIDTH="1614" HEIGHT="62">
            <String ID="Word_18499" HPOS="333" VPOS="549" WIDTH="140" HEIGHT="42" CONTENT="sound" />
            <SP ID="SP_16600" HPOS="473" VPOS="549" WIDTH="32" HEIGHT="0" />
            <String ID="Word_18500" HPOS="505" VPOS="550" WIDTH="88" HEIGHT="43" CONTENT="like" />
            <SP ID="SP_16601" HPOS="593" VPOS="550" WIDTH="33" HEIGHT="0" />
            <String ID="Word_18501" HPOS="626" VPOS="552" WIDTH="125" HEIGHT="43" CONTENT="&quot;ah.&quot;" />
            <SP ID="SP_16602" HPOS="751" VPOS="552" WIDTH="62" HEIGHT="0" />
            <String ID="Word_18502" HPOS="813" VPOS="555" WIDTH="89" HEIGHT="41" CONTENT="The" />
            <SP ID="SP_16603" HPOS="902" VPOS="555" WIDTH="44" HEIGHT="0" />
            <String ID="Word_18503" HPOS="946" VPOS="556" WIDTH="168" HEIGHT="54" CONTENT="patient" />
            <SP ID="SP_16604" HPOS="1114" VPOS="556" WIDTH="30" HEIGHT="0" />
            <String ID="Word_18504" HPOS="1144" VPOS="556" WIDTH="199" HEIGHT="41" CONTENT="imitated" />
            <SP ID="SP_16605" HPOS="1343" VPOS="556" WIDTH="28" HEIGHT="0" />
            <String ID="Word_18505" HPOS="1371" VPOS="556" WIDTH="102" HEIGHT="41" CONTENT="thus" />
            <SP ID="SP_16606" HPOS="1473" VPOS="556" WIDTH="22" HEIGHT="0" />
            <String ID="Word_18506" HPOS="1495" VPOS="556" WIDTH="66" HEIGHT="41" CONTENT="far" />
            <SP ID="SP_16607" HPOS="1561" VPOS="556" WIDTH="30" HEIGHT="0" />
            <String ID="Word_18507" HPOS="1591" VPOS="556" WIDTH="248" HEIGHT="55" CONTENT="faithfully;" />
            <SP ID="SP_16608" HPOS="1839" VPOS="556" WIDTH="30" HEIGHT="0" />
            <String ID="Word_18508" HPOS="1869" VPOS="557" WIDTH="78" HEIGHT="41" CONTENT="but" />
          </TextLine>
          <TextLine ID="TextLine_1901" HPOS="334" VPOS="618" WIDTH="1613" HEIGHT="61">
            <String ID="Word_18509" HPOS="334" VPOS="618" WIDTH="127" HEIGHT="43" CONTENT="when" />
            <SP ID="SP_16609" HPOS="461" VPOS="618" WIDTH="32" HEIGHT="0" />
            <String ID="Word_18510" HPOS="493" VPOS="621" WIDTH="132" HEIGHT="42" CONTENT="asked" />
            <SP ID="SP_16610" HPOS="625" VPOS="621" WIDTH="32" HEIGHT="0" />
            <String ID="Word_18511" HPOS="657" VPOS="627" WIDTH="43" HEIGHT="37" CONTENT="to" />
            <SP ID="SP_16611" HPOS="700" VPOS="623" WIDTH="32" HEIGHT="0" />
            <String ID="Word_18512" HPOS="732" VPOS="623" WIDTH="96" HEIGHT="56" CONTENT="sing" />
            <SP ID="SP_16612" HPOS="828" VPOS="623" WIDTH="31" HEIGHT="0" />
            <String ID="Word_18513" HPOS="859" VPOS="629" WIDTH="76" HEIGHT="37" CONTENT="out" />
            <SP ID="SP_16613" HPOS="935" VPOS="625" WIDTH="37" HEIGHT="0" />
            <String ID="Word_18514" HPOS="972" VPOS="625" WIDTH="73" HEIGHT="42" CONTENT="the" />
            <SP ID="SP_16614" HPOS="1045" VPOS="625" WIDTH="30" HEIGHT="0" />
            <String ID="Word_18515" HPOS="1075" VPOS="625" WIDTH="126" HEIGHT="42" CONTENT="&quot;ah&quot;" />
            <SP ID="SP_16615" HPOS="1201" VPOS="625" WIDTH="32" HEIGHT="0" />
            <String ID="Word_18516" HPOS="1233" VPOS="625" WIDTH="139" HEIGHT="42" CONTENT="sound" />
            <SP ID="SP_16616" HPOS="1372" VPOS="625" WIDTH="33" HEIGHT="0" />
            <String ID="Word_18517" HPOS="1405" VPOS="625" WIDTH="184" HEIGHT="41" CONTENT="without" />
            <SP ID="SP_16617" HPOS="1589" VPOS="625" WIDTH="31" HEIGHT="0" />
            <String ID="Word_18518" HPOS="1620" VPOS="626" WIDTH="72" HEIGHT="41" CONTENT="the" />
            <SP ID="SP_16618" HPOS="1692" VPOS="626" WIDTH="32" HEIGHT="0" />
            <String ID="Word_18519" HPOS="1724" VPOS="626" WIDTH="223" HEIGHT="52" CONTENT="initiatory" />
          </TextLine>
          <TextLine ID="TextLine_1902" HPOS="336" VPOS="689" WIDTH="1612" HEIGHT="53">
            <String ID="Word_18520" HPOS="336" VPOS="689" WIDTH="151" HEIGHT="53" CONTENT="cough," />
            <SP ID="SP_16619" HPOS="487" VPOS="689" WIDTH="22" HEIGHT="0" />
            <String ID="Word_18521" HPOS="509" VPOS="689" WIDTH="53" HEIGHT="43" CONTENT="he" />
            <SP ID="SP_16620" HPOS="562" VPOS="689" WIDTH="33" HEIGHT="0" />
            <String ID="Word_18522" HPOS="595" VPOS="691" WIDTH="172" HEIGHT="42" CONTENT="became" />
            <SP ID="SP_16621" HPOS="767" VPOS="691" WIDTH="22" HEIGHT="0" />
            <String ID="Word_18523" HPOS="789" VPOS="706" WIDTH="45" HEIGHT="28" CONTENT="as" />
            <SP ID="SP_16622" HPOS="834" VPOS="697" WIDTH="32" HEIGHT="0" />
            <String ID="Word_18524" HPOS="866" VPOS="697" WIDTH="119" HEIGHT="38" CONTENT="mute" />
            <SP ID="SP_16623" HPOS="985" VPOS="697" WIDTH="26" HEIGHT="0" />
            <String ID="Word_18525" HPOS="1011" VPOS="707" WIDTH="45" HEIGHT="28" CONTENT="as" />
            <SP ID="SP_16624" HPOS="1056" VPOS="694" WIDTH="33" HEIGHT="0" />
            <String ID="Word_18526" HPOS="1089" VPOS="694" WIDTH="150" HEIGHT="42" CONTENT="before." />
            <SP ID="SP_16625" HPOS="1239" VPOS="694" WIDTH="64" HEIGHT="0" />
            <String ID="Word_18527" HPOS="1303" VPOS="694" WIDTH="69" HEIGHT="42" CONTENT="He" />
            <SP ID="SP_16626" HPOS="1372" VPOS="694" WIDTH="25" HEIGHT="0" />
            <String ID="Word_18528" HPOS="1397" VPOS="708" WIDTH="84" HEIGHT="28" CONTENT="was" />
            <SP ID="SP_16627" HPOS="1481" VPOS="694" WIDTH="23" HEIGHT="0" />
            <String ID="Word_18529" HPOS="1504" VPOS="694" WIDTH="131" HEIGHT="42" CONTENT="asked" />
            <SP ID="SP_16628" HPOS="1635" VPOS="694" WIDTH="31" HEIGHT="0" />
            <String ID="Word_18530" HPOS="1666" VPOS="700" WIDTH="44" HEIGHT="36" CONTENT="to" />
            <SP ID="SP_16629" HPOS="1710" VPOS="700" WIDTH="22" HEIGHT="0" />
            <String ID="Word_18531" HPOS="1732" VPOS="701" WIDTH="99" HEIGHT="35" CONTENT="note" />
            <SP ID="SP_16630" HPOS="1831" VPOS="695" WIDTH="23" HEIGHT="0" />
            <String ID="Word_18532" HPOS="1854" VPOS="695" WIDTH="94" HEIGHT="40" CONTENT="well" />
          </TextLine>
          <TextLine ID="TextLine_1903" HPOS="335" VPOS="757" WIDTH="1614" HEIGHT="61">
            <String ID="Word_18533" HPOS="335" VPOS="757" WIDTH="75" HEIGHT="41" CONTENT="the" />
            <SP ID="SP_16631" HPOS="410" VPOS="757" WIDTH="16" HEIGHT="0" />
            <String ID="Word_18534" HPOS="426" VPOS="758" WIDTH="86" HEIGHT="41" CONTENT="fact" />
            <SP ID="SP_16632" HPOS="512" VPOS="758" WIDTH="18" HEIGHT="0" />
            <String ID="Word_18535" HPOS="530" VPOS="759" WIDTH="97" HEIGHT="42" CONTENT="that" />
            <SP ID="SP_16633" HPOS="627" VPOS="759" WIDTH="17" HEIGHT="0" />
            <String ID="Word_18536" HPOS="644" VPOS="760" WIDTH="66" HEIGHT="42" CONTENT="his" />
            <SP ID="SP_16634" HPOS="710" VPOS="760" WIDTH="18" HEIGHT="0" />
            <String ID="Word_18537" HPOS="728" VPOS="761" WIDTH="153" HEIGHT="54" CONTENT="larynx" />
            <SP ID="SP_16635" HPOS="881" VPOS="761" WIDTH="17" HEIGHT="0" />
            <String ID="Word_18538" HPOS="898" VPOS="762" WIDTH="124" HEIGHT="41" CONTENT="could" />
            <SP ID="SP_16636" HPOS="1022" VPOS="762" WIDTH="19" HEIGHT="0" />
            <String ID="Word_18539" HPOS="1041" VPOS="763" WIDTH="89" HEIGHT="41" CONTENT="still" />
            <SP ID="SP_16637" HPOS="1130" VPOS="763" WIDTH="19" HEIGHT="0" />
            <String ID="Word_18540" HPOS="1149" VPOS="763" WIDTH="182" HEIGHT="55" CONTENT="produce" />
            <SP ID="SP_16638" HPOS="1331" VPOS="763" WIDTH="15" HEIGHT="0" />
            <String ID="Word_18541" HPOS="1346" VPOS="763" WIDTH="171" HEIGHT="41" CONTENT="natural" />
            <SP ID="SP_16639" HPOS="1517" VPOS="763" WIDTH="17" HEIGHT="0" />
            <String ID="Word_18542" HPOS="1534" VPOS="764" WIDTH="118" HEIGHT="40" CONTENT="voice" />
            <SP ID="SP_16640" HPOS="1652" VPOS="764" WIDTH="16" HEIGHT="0" />
            <String ID="Word_18543" HPOS="1668" VPOS="764" WIDTH="44" HEIGHT="40" CONTENT="in" />
            <SP ID="SP_16641" HPOS="1712" VPOS="763" WIDTH="15" HEIGHT="0" />
            <String ID="Word_18544" HPOS="1727" VPOS="764" WIDTH="222" HEIGHT="54" CONTENT="coughing," />
          </TextLine>
          <TextLine ID="TextLine_1904" HPOS="338" VPOS="827" WIDTH="1613" HEIGHT="61">
            <String ID="Word_18545" HPOS="338" VPOS="827" WIDTH="85" HEIGHT="42" CONTENT="and" />
            <SP ID="SP_16642" HPOS="423" VPOS="827" WIDTH="33" HEIGHT="0" />
            <String ID="Word_18546" HPOS="456" VPOS="828" WIDTH="52" HEIGHT="41" CONTENT="he" />
            <SP ID="SP_16643" HPOS="508" VPOS="828" WIDTH="34" HEIGHT="0" />
            <String ID="Word_18547" HPOS="542" VPOS="843" WIDTH="86" HEIGHT="28" CONTENT="was" />
            <SP ID="SP_16644" HPOS="628" VPOS="831" WIDTH="32" HEIGHT="0" />
            <String ID="Word_18548" HPOS="660" VPOS="831" WIDTH="174" HEIGHT="42" CONTENT="assured" />
            <SP ID="SP_16645" HPOS="834" VPOS="831" WIDTH="32" HEIGHT="0" />
            <String ID="Word_18549" HPOS="866" VPOS="832" WIDTH="96" HEIGHT="41" CONTENT="that" />
            <SP ID="SP_16646" HPOS="962" VPOS="832" WIDTH="21" HEIGHT="0" />
            <String ID="Word_18550" HPOS="983" VPOS="833" WIDTH="46" HEIGHT="40" CONTENT="in" />
            <SP ID="SP_16647" HPOS="1029" VPOS="833" WIDTH="32" HEIGHT="0" />
            <String ID="Word_18551" HPOS="1061" VPOS="846" WIDTH="146" HEIGHT="28" CONTENT="course" />
            <SP ID="SP_16648" HPOS="1207" VPOS="835" WIDTH="23" HEIGHT="0" />
            <String ID="Word_18552" HPOS="1230" VPOS="835" WIDTH="46" HEIGHT="39" CONTENT="of" />
            <SP ID="SP_16649" HPOS="1276" VPOS="834" WIDTH="18" HEIGHT="0" />
            <String ID="Word_18553" HPOS="1294" VPOS="834" WIDTH="104" HEIGHT="41" CONTENT="time" />
            <SP ID="SP_16650" HPOS="1398" VPOS="833" WIDTH="31" HEIGHT="0" />
            <String ID="Word_18554" HPOS="1429" VPOS="833" WIDTH="55" HEIGHT="43" CONTENT="he" />
            <SP ID="SP_16651" HPOS="1484" VPOS="833" WIDTH="32" HEIGHT="0" />
            <String ID="Word_18555" HPOS="1516" VPOS="833" WIDTH="144" HEIGHT="42" CONTENT="would" />
            <SP ID="SP_16652" HPOS="1660" VPOS="833" WIDTH="23" HEIGHT="0" />
            <String ID="Word_18556" HPOS="1683" VPOS="838" WIDTH="268" HEIGHT="50" CONTENT="completely," />
          </TextLine>
          <TextLine ID="TextLine_1905" HPOS="339" VPOS="897" WIDTH="1611" HEIGHT="61">
            <String ID="Word_18557" HPOS="339" VPOS="897" WIDTH="85" HEIGHT="41" CONTENT="and" />
            <SP ID="SP_16653" HPOS="424" VPOS="897" WIDTH="22" HEIGHT="0" />
            <String ID="Word_18558" HPOS="446" VPOS="898" WIDTH="185" HEIGHT="55" CONTENT="perhaps" />
            <SP ID="SP_16654" HPOS="631" VPOS="898" WIDTH="18" HEIGHT="0" />
            <String ID="Word_18559" HPOS="649" VPOS="900" WIDTH="226" HEIGHT="55" CONTENT="suddenly," />
            <SP ID="SP_16655" HPOS="875" VPOS="900" WIDTH="16" HEIGHT="0" />
            <String ID="Word_18560" HPOS="891" VPOS="915" WIDTH="174" HEIGHT="27" CONTENT="recover" />
            <SP ID="SP_16656" HPOS="1065" VPOS="902" WIDTH="20" HEIGHT="0" />
            <String ID="Word_18561" HPOS="1085" VPOS="902" WIDTH="67" HEIGHT="42" CONTENT="his" />
            <SP ID="SP_16657" HPOS="1152" VPOS="902" WIDTH="23" HEIGHT="0" />
            <String ID="Word_18562" HPOS="1175" VPOS="904" WIDTH="118" HEIGHT="40" CONTENT="voice" />
            <SP ID="SP_16658" HPOS="1293" VPOS="904" WIDTH="24" HEIGHT="0" />
            <String ID="Word_18563" HPOS="1317" VPOS="904" WIDTH="64" HEIGHT="40" CONTENT="for" />
            <SP ID="SP_16659" HPOS="1381" VPOS="903" WIDTH="22" HEIGHT="0" />
            <String ID="Word_18564" HPOS="1403" VPOS="903" WIDTH="71" HEIGHT="42" CONTENT="the" />
            <SP ID="SP_16660" HPOS="1474" VPOS="903" WIDTH="24" HEIGHT="0" />
            <String ID="Word_18565" HPOS="1498" VPOS="916" WIDTH="203" HEIGHT="41" CONTENT="purposes" />
            <SP ID="SP_16661" HPOS="1701" VPOS="903" WIDTH="18" HEIGHT="0" />
            <String ID="Word_18566" HPOS="1719" VPOS="903" WIDTH="44" HEIGHT="41" CONTENT="of" />
            <SP ID="SP_16662" HPOS="1763" VPOS="902" WIDTH="21" HEIGHT="0" />
            <String ID="Word_18567" HPOS="1784" VPOS="902" WIDTH="166" HEIGHT="54" CONTENT="speech." />
          </TextLine>
          <TextLine ID="TextLine_1906" HPOS="397" VPOS="967" WIDTH="1552" HEIGHT="57">
            <String ID="Word_18568" HPOS="397" VPOS="967" WIDTH="90" HEIGHT="42" CONTENT="The" />
            <SP ID="SP_16663" HPOS="487" VPOS="967" WIDTH="22" HEIGHT="0" />
            <String ID="Word_18569" HPOS="509" VPOS="968" WIDTH="264" HEIGHT="55" CONTENT="subsequent" />
            <SP ID="SP_16664" HPOS="773" VPOS="968" WIDTH="18" HEIGHT="0" />
            <String ID="Word_18570" HPOS="791" VPOS="970" WIDTH="165" HEIGHT="54" CONTENT="history" />
            <SP ID="SP_16665" HPOS="956" VPOS="970" WIDTH="23" HEIGHT="0" />
            <String ID="Word_18571" HPOS="979" VPOS="972" WIDTH="45" HEIGHT="39" CONTENT="of" />
            <SP ID="SP_16666" HPOS="1024" VPOS="971" WIDTH="19" HEIGHT="0" />
            <String ID="Word_18572" HPOS="1043" VPOS="971" WIDTH="86" HEIGHT="42" CONTENT="this" />
            <SP ID="SP_16667" HPOS="1129" VPOS="971" WIDTH="18" HEIGHT="0" />
            <String ID="Word_18573" HPOS="1147" VPOS="985" WIDTH="94" HEIGHT="28" CONTENT="case" />
            <SP ID="SP_16668" HPOS="1241" VPOS="972" WIDTH="22" HEIGHT="0" />
            <String ID="Word_18574" HPOS="1263" VPOS="972" WIDTH="37" HEIGHT="41" CONTENT="is" />
            <SP ID="SP_16669" HPOS="1300" VPOS="972" WIDTH="22" HEIGHT="0" />
            <String ID="Word_18575" HPOS="1322" VPOS="973" WIDTH="264" HEIGHT="41" CONTENT="instructive." />
            <SP ID="SP_16670" HPOS="1586" VPOS="972" WIDTH="45" HEIGHT="0" />
            <String ID="Word_18576" HPOS="1631" VPOS="972" WIDTH="124" HEIGHT="42" CONTENT="Some" />
            <SP ID="SP_16671" HPOS="1755" VPOS="972" WIDTH="24" HEIGHT="0" />
            <String ID="Word_18577" HPOS="1779" VPOS="972" WIDTH="170" HEIGHT="40" CONTENT="months" />
          </TextLine>
          <TextLine ID="TextLine_1907" HPOS="339" VPOS="1036" WIDTH="1611" HEIGHT="59">
            <String ID="Word_18578" HPOS="339" VPOS="1036" WIDTH="111" HEIGHT="42" CONTENT="after" />
            <SP ID="SP_16672" HPOS="450" VPOS="1036" WIDTH="22" HEIGHT="0" />
            <String ID="Word_18579" HPOS="472" VPOS="1037" WIDTH="22" HEIGHT="40" CONTENT="I" />
            <SP ID="SP_16673" HPOS="494" VPOS="1037" WIDTH="24" HEIGHT="0" />
            <String ID="Word_18580" HPOS="518" VPOS="1037" WIDTH="84" HEIGHT="41" CONTENT="had" />
            <SP ID="SP_16674" HPOS="602" VPOS="1037" WIDTH="22" HEIGHT="0" />
            <String ID="Word_18581" HPOS="624" VPOS="1051" WIDTH="100" HEIGHT="28" CONTENT="seen" />
            <SP ID="SP_16675" HPOS="724" VPOS="1038" WIDTH="25" HEIGHT="0" />
            <String ID="Word_18582" HPOS="749" VPOS="1038" WIDTH="73" HEIGHT="42" CONTENT="the" />
            <SP ID="SP_16676" HPOS="822" VPOS="1038" WIDTH="22" HEIGHT="0" />
            <String ID="Word_18583" HPOS="844" VPOS="1040" WIDTH="180" HEIGHT="52" CONTENT="patient," />
            <SP ID="SP_16677" HPOS="1024" VPOS="1040" WIDTH="22" HEIGHT="0" />
            <String ID="Word_18584" HPOS="1046" VPOS="1040" WIDTH="125" HEIGHT="41" CONTENT="when" />
            <SP ID="SP_16678" HPOS="1171" VPOS="1040" WIDTH="34" HEIGHT="0" />
            <String ID="Word_18585" HPOS="1205" VPOS="1041" WIDTH="51" HEIGHT="41" CONTENT="he" />
            <SP ID="SP_16679" HPOS="1256" VPOS="1041" WIDTH="26" HEIGHT="0" />
            <String ID="Word_18586" HPOS="1282" VPOS="1055" WIDTH="83" HEIGHT="27" CONTENT="was" />
            <SP ID="SP_16680" HPOS="1365" VPOS="1041" WIDTH="31" HEIGHT="0" />
            <String ID="Word_18587" HPOS="1396" VPOS="1041" WIDTH="135" HEIGHT="54" CONTENT="living" />
            <SP ID="SP_16681" HPOS="1531" VPOS="1041" WIDTH="30" HEIGHT="0" />
            <String ID="Word_18588" HPOS="1561" VPOS="1041" WIDTH="166" HEIGHT="54" CONTENT="quietly" />
            <SP ID="SP_16682" HPOS="1727" VPOS="1041" WIDTH="23" HEIGHT="0" />
            <String ID="Word_18589" HPOS="1750" VPOS="1049" WIDTH="44" HEIGHT="32" CONTENT="at" />
            <SP ID="SP_16683" HPOS="1794" VPOS="1040" WIDTH="33" HEIGHT="0" />
            <String ID="Word_18590" HPOS="1827" VPOS="1040" WIDTH="123" HEIGHT="40" CONTENT="home" />
          </TextLine>
          <TextLine ID="TextLine_1908" HPOS="338" VPOS="1106" WIDTH="1610" HEIGHT="59">
            <String ID="Word_18591" HPOS="338" VPOS="1106" WIDTH="48" HEIGHT="40" CONTENT="in" />
            <SP ID="SP_16684" HPOS="386" VPOS="1106" WIDTH="22" HEIGHT="0" />
            <String ID="Word_18592" HPOS="408" VPOS="1106" WIDTH="74" HEIGHT="41" CONTENT="the" />
            <SP ID="SP_16685" HPOS="482" VPOS="1106" WIDTH="33" HEIGHT="0" />
            <String ID="Word_18593" HPOS="515" VPOS="1111" WIDTH="193" HEIGHT="51" CONTENT="country," />
            <SP ID="SP_16686" HPOS="708" VPOS="1107" WIDTH="23" HEIGHT="0" />
            <String ID="Word_18594" HPOS="731" VPOS="1107" WIDTH="53" HEIGHT="42" CONTENT="he" />
            <SP ID="SP_16687" HPOS="784" VPOS="1107" WIDTH="22" HEIGHT="0" />
            <String ID="Word_18595" HPOS="806" VPOS="1114" WIDTH="115" HEIGHT="35" CONTENT="went" />
            <SP ID="SP_16688" HPOS="921" VPOS="1114" WIDTH="32" HEIGHT="0" />
            <String ID="Word_18596" HPOS="953" VPOS="1115" WIDTH="75" HEIGHT="35" CONTENT="out" />
            <SP ID="SP_16689" HPOS="1028" VPOS="1115" WIDTH="21" HEIGHT="0" />
            <String ID="Word_18597" HPOS="1049" VPOS="1123" WIDTH="79" HEIGHT="27" CONTENT="one" />
            <SP ID="SP_16690" HPOS="1128" VPOS="1110" WIDTH="23" HEIGHT="0" />
            <String ID="Word_18598" HPOS="1151" VPOS="1110" WIDTH="183" HEIGHT="55" CONTENT="evening" />
            <SP ID="SP_16691" HPOS="1334" VPOS="1110" WIDTH="30" HEIGHT="0" />
            <String ID="Word_18599" HPOS="1364" VPOS="1115" WIDTH="46" HEIGHT="37" CONTENT="to" />
            <SP ID="SP_16692" HPOS="1410" VPOS="1111" WIDTH="30" HEIGHT="0" />
            <String ID="Word_18600" HPOS="1440" VPOS="1111" WIDTH="99" HEIGHT="40" CONTENT="dine" />
            <SP ID="SP_16693" HPOS="1539" VPOS="1111" WIDTH="32" HEIGHT="0" />
            <String ID="Word_18601" HPOS="1571" VPOS="1111" WIDTH="106" HEIGHT="40" CONTENT="with" />
            <SP ID="SP_16694" HPOS="1677" VPOS="1111" WIDTH="23" HEIGHT="0" />
            <String ID="Word_18602" HPOS="1700" VPOS="1124" WIDTH="23" HEIGHT="27" CONTENT="a" />
            <SP ID="SP_16695" HPOS="1723" VPOS="1110" WIDTH="23" HEIGHT="0" />
            <String ID="Word_18603" HPOS="1746" VPOS="1110" WIDTH="135" HEIGHT="40" CONTENT="friend" />
            <SP ID="SP_16696" HPOS="1881" VPOS="1110" WIDTH="27" HEIGHT="0" />
            <String ID="Word_18604" HPOS="1908" VPOS="1111" WIDTH="40" HEIGHT="38" CONTENT="in" />
          </TextLine>
          <TextLine ID="TextLine_1909" HPOS="339" VPOS="1176" WIDTH="1612" HEIGHT="56">
            <String ID="Word_18605" HPOS="339" VPOS="1176" WIDTH="75" HEIGHT="42" CONTENT="the" />
            <SP ID="SP_16697" HPOS="414" VPOS="1176" WIDTH="43" HEIGHT="0" />
            <String ID="Word_18606" HPOS="457" VPOS="1177" WIDTH="364" HEIGHT="55" CONTENT="neighbourhood." />
            <SP ID="SP_16698" HPOS="821" VPOS="1177" WIDTH="82" HEIGHT="0" />
            <String ID="Word_18607" HPOS="903" VPOS="1178" WIDTH="63" HEIGHT="41" CONTENT="At" />
            <SP ID="SP_16699" HPOS="966" VPOS="1178" WIDTH="42" HEIGHT="0" />
            <String ID="Word_18608" HPOS="1008" VPOS="1180" WIDTH="91" HEIGHT="40" CONTENT="first" />
            <SP ID="SP_16700" HPOS="1099" VPOS="1180" WIDTH="41" HEIGHT="0" />
            <String ID="Word_18609" HPOS="1140" VPOS="1180" WIDTH="73" HEIGHT="40" CONTENT="the" />
            <SP ID="SP_16701" HPOS="1213" VPOS="1180" WIDTH="36" HEIGHT="0" />
            <String ID="Word_18610" HPOS="1249" VPOS="1180" WIDTH="295" HEIGHT="41" CONTENT="conversation" />
            <SP ID="SP_16702" HPOS="1544" VPOS="1180" WIDTH="40" HEIGHT="0" />
            <String ID="Word_18611" HPOS="1584" VPOS="1193" WIDTH="95" HEIGHT="27" CONTENT="was," />
            <SP ID="SP_16703" HPOS="1679" VPOS="1193" WIDTH="38" HEIGHT="0" />
            <String ID="Word_18612" HPOS="1717" VPOS="1193" WIDTH="54" HEIGHT="27" CONTENT="no" />
            <SP ID="SP_16704" HPOS="1771" VPOS="1179" WIDTH="36" HEIGHT="0" />
            <String ID="Word_18613" HPOS="1807" VPOS="1179" WIDTH="144" HEIGHT="49" CONTENT="doubt," />
          </TextLine>
          <TextLine ID="TextLine_1910" HPOS="341" VPOS="1247" WIDTH="1611" HEIGHT="57">
            <String ID="Word_18614" HPOS="341" VPOS="1247" WIDTH="162" HEIGHT="41" CONTENT="carried" />
            <SP ID="SP_16705" HPOS="503" VPOS="1247" WIDTH="22" HEIGHT="0" />
            <String ID="Word_18615" HPOS="525" VPOS="1261" WIDTH="55" HEIGHT="27" CONTENT="on" />
            <SP ID="SP_16706" HPOS="580" VPOS="1261" WIDTH="23" HEIGHT="0" />
            <String ID="Word_18616" HPOS="603" VPOS="1262" WIDTH="56" HEIGHT="26" CONTENT="on" />
            <SP ID="SP_16707" HPOS="659" VPOS="1248" WIDTH="32" HEIGHT="0" />
            <String ID="Word_18617" HPOS="691" VPOS="1248" WIDTH="66" HEIGHT="41" CONTENT="his" />
            <SP ID="SP_16708" HPOS="757" VPOS="1248" WIDTH="22" HEIGHT="0" />
            <String ID="Word_18618" HPOS="779" VPOS="1254" WIDTH="97" HEIGHT="49" CONTENT="part" />
            <SP ID="SP_16709" HPOS="876" VPOS="1249" WIDTH="31" HEIGHT="0" />
            <String ID="Word_18619" HPOS="907" VPOS="1249" WIDTH="46" HEIGHT="40" CONTENT="in" />
            <SP ID="SP_16710" HPOS="953" VPOS="1249" WIDTH="23" HEIGHT="0" />
            <String ID="Word_18620" HPOS="976" VPOS="1249" WIDTH="184" HEIGHT="55" CONTENT="writing," />
            <SP ID="SP_16711" HPOS="1160" VPOS="1249" WIDTH="23" HEIGHT="0" />
            <String ID="Word_18621" HPOS="1183" VPOS="1262" WIDTH="46" HEIGHT="29" CONTENT="as" />
            <SP ID="SP_16712" HPOS="1229" VPOS="1249" WIDTH="22" HEIGHT="0" />
            <String ID="Word_18622" HPOS="1251" VPOS="1249" WIDTH="147" HEIGHT="42" CONTENT="usual;" />
            <SP ID="SP_16713" HPOS="1398" VPOS="1249" WIDTH="32" HEIGHT="0" />
            <String ID="Word_18623" HPOS="1430" VPOS="1250" WIDTH="78" HEIGHT="40" CONTENT="but" />
            <SP ID="SP_16714" HPOS="1508" VPOS="1249" WIDTH="21" HEIGHT="0" />
            <String ID="Word_18624" HPOS="1529" VPOS="1249" WIDTH="124" HEIGHT="41" CONTENT="when" />
            <SP ID="SP_16715" HPOS="1653" VPOS="1248" WIDTH="22" HEIGHT="0" />
            <String ID="Word_18625" HPOS="1675" VPOS="1248" WIDTH="73" HEIGHT="42" CONTENT="the" />
            <SP ID="SP_16716" HPOS="1748" VPOS="1248" WIDTH="23" HEIGHT="0" />
            <String ID="Word_18626" HPOS="1771" VPOS="1249" WIDTH="181" HEIGHT="53" CONTENT="evening" />
          </TextLine>
          <TextLine ID="TextLine_1911" HPOS="340" VPOS="1318" WIDTH="1612" HEIGHT="56">
            <String ID="Word_18627" HPOS="340" VPOS="1331" WIDTH="89" HEIGHT="27" CONTENT="was" />
            <SP ID="SP_16717" HPOS="429" VPOS="1318" WIDTH="22" HEIGHT="0" />
            <String ID="Word_18628" HPOS="451" VPOS="1318" WIDTH="236" HEIGHT="42" CONTENT="somewhat" />
            <SP ID="SP_16718" HPOS="687" VPOS="1318" WIDTH="22" HEIGHT="0" />
            <String ID="Word_18629" HPOS="709" VPOS="1319" WIDTH="231" HEIGHT="41" CONTENT="advanced," />
            <SP ID="SP_16719" HPOS="940" VPOS="1319" WIDTH="18" HEIGHT="0" />
            <String ID="Word_18630" HPOS="958" VPOS="1334" WIDTH="24" HEIGHT="26" CONTENT="a" />
            <SP ID="SP_16720" HPOS="982" VPOS="1320" WIDTH="22" HEIGHT="0" />
            <String ID="Word_18631" HPOS="1004" VPOS="1320" WIDTH="162" HEIGHT="54" CONTENT="change" />
            <SP ID="SP_16721" HPOS="1166" VPOS="1320" WIDTH="23" HEIGHT="0" />
            <String ID="Word_18632" HPOS="1189" VPOS="1320" WIDTH="214" HEIGHT="41" CONTENT="occurred," />
            <SP ID="SP_16722" HPOS="1403" VPOS="1320" WIDTH="16" HEIGHT="0" />
            <String ID="Word_18633" HPOS="1419" VPOS="1320" WIDTH="83" HEIGHT="41" CONTENT="and" />
            <SP ID="SP_16723" HPOS="1502" VPOS="1320" WIDTH="25" HEIGHT="0" />
            <String ID="Word_18634" HPOS="1527" VPOS="1320" WIDTH="71" HEIGHT="41" CONTENT="the" />
            <SP ID="SP_16724" HPOS="1598" VPOS="1320" WIDTH="21" HEIGHT="0" />
            <String ID="Word_18635" HPOS="1619" VPOS="1320" WIDTH="180" HEIGHT="54" CONTENT="patient," />
            <SP ID="SP_16725" HPOS="1799" VPOS="1320" WIDTH="20" HEIGHT="0" />
            <String ID="Word_18636" HPOS="1819" VPOS="1323" WIDTH="44" HEIGHT="37" CONTENT="to" />
            <SP ID="SP_16726" HPOS="1863" VPOS="1318" WIDTH="19" HEIGHT="0" />
            <String ID="Word_18637" HPOS="1882" VPOS="1318" WIDTH="70" HEIGHT="41" CONTENT="the" />
          </TextLine>
          <TextLine ID="TextLine_1912" HPOS="342" VPOS="1386" WIDTH="1609" HEIGHT="58">
            <String ID="Word_18638" HPOS="342" VPOS="1386" WIDTH="168" HEIGHT="55" CONTENT="delight" />
            <SP ID="SP_16727" HPOS="510" VPOS="1386" WIDTH="30" HEIGHT="0" />
            <String ID="Word_18639" HPOS="540" VPOS="1387" WIDTH="46" HEIGHT="41" CONTENT="of" />
            <SP ID="SP_16728" HPOS="586" VPOS="1387" WIDTH="28" HEIGHT="0" />
            <String ID="Word_18640" HPOS="614" VPOS="1388" WIDTH="177" HEIGHT="42" CONTENT="himself" />
            <SP ID="SP_16729" HPOS="791" VPOS="1388" WIDTH="28" HEIGHT="0" />
            <String ID="Word_18641" HPOS="819" VPOS="1388" WIDTH="84" HEIGHT="42" CONTENT="and" />
            <SP ID="SP_16730" HPOS="903" VPOS="1388" WIDTH="32" HEIGHT="0" />
            <String ID="Word_18642" HPOS="935" VPOS="1388" WIDTH="68" HEIGHT="42" CONTENT="his" />
            <SP ID="SP_16731" HPOS="1003" VPOS="1388" WIDTH="31" HEIGHT="0" />
            <String ID="Word_18643" HPOS="1034" VPOS="1389" WIDTH="154" HEIGHT="50" CONTENT="friend," />
            <SP ID="SP_16732" HPOS="1188" VPOS="1389" WIDTH="23" HEIGHT="0" />
            <String ID="Word_18644" HPOS="1211" VPOS="1390" WIDTH="136" HEIGHT="41" CONTENT="began" />
            <SP ID="SP_16733" HPOS="1347" VPOS="1390" WIDTH="32" HEIGHT="0" />
            <String ID="Word_18645" HPOS="1379" VPOS="1394" WIDTH="43" HEIGHT="36" CONTENT="to" />
            <SP ID="SP_16734" HPOS="1422" VPOS="1394" WIDTH="22" HEIGHT="0" />
            <String ID="Word_18646" HPOS="1444" VPOS="1403" WIDTH="174" HEIGHT="28" CONTENT="express" />
            <SP ID="SP_16735" HPOS="1618" VPOS="1388" WIDTH="26" HEIGHT="0" />
            <String ID="Word_18647" HPOS="1644" VPOS="1388" WIDTH="176" HEIGHT="41" CONTENT="himself" />
            <SP ID="SP_16736" HPOS="1820" VPOS="1388" WIDTH="28" HEIGHT="0" />
            <String ID="Word_18648" HPOS="1848" VPOS="1395" WIDTH="103" HEIGHT="33" CONTENT="with" />
          </TextLine>
          <TextLine ID="TextLine_1913" HPOS="341" VPOS="1456" WIDTH="1613" HEIGHT="57">
            <String ID="Word_18649" HPOS="341" VPOS="1457" WIDTH="166" HEIGHT="54" CONTENT="perfect" />
            <SP ID="SP_16737" HPOS="507" VPOS="1457" WIDTH="37" HEIGHT="0" />
            <String ID="Word_18650" HPOS="544" VPOS="1458" WIDTH="188" HEIGHT="41" CONTENT="freedom" />
            <SP ID="SP_16738" HPOS="732" VPOS="1458" WIDTH="32" HEIGHT="0" />
            <String ID="Word_18651" HPOS="764" VPOS="1459" WIDTH="58" HEIGHT="54" CONTENT="by" />
            <SP ID="SP_16739" HPOS="822" VPOS="1459" WIDTH="31" HEIGHT="0" />
            <String ID="Word_18652" HPOS="853" VPOS="1459" WIDTH="115" HEIGHT="41" CONTENT="word" />
            <SP ID="SP_16740" HPOS="968" VPOS="1459" WIDTH="33" HEIGHT="0" />
            <String ID="Word_18653" HPOS="1001" VPOS="1459" WIDTH="44" HEIGHT="40" CONTENT="of" />
            <SP ID="SP_16741" HPOS="1045" VPOS="1459" WIDTH="30" HEIGHT="0" />
            <String ID="Word_18654" HPOS="1075" VPOS="1459" WIDTH="161" HEIGHT="41" CONTENT="mouth." />
            <SP ID="SP_16742" HPOS="1236" VPOS="1459" WIDTH="63" HEIGHT="0" />
            <String ID="Word_18655" HPOS="1299" VPOS="1459" WIDTH="88" HEIGHT="41" CONTENT="The" />
            <SP ID="SP_16743" HPOS="1387" VPOS="1459" WIDTH="32" HEIGHT="0" />
            <String ID="Word_18656" HPOS="1419" VPOS="1459" WIDTH="152" HEIGHT="41" CONTENT="sitting" />
            <SP ID="SP_16744" HPOS="1571" VPOS="1459" WIDTH="31" HEIGHT="0" />
            <String ID="Word_18657" HPOS="1602" VPOS="1471" WIDTH="136" HEIGHT="28" CONTENT="seems" />
            <SP ID="SP_16745" HPOS="1738" VPOS="1464" WIDTH="32" HEIGHT="0" />
            <String ID="Word_18658" HPOS="1770" VPOS="1464" WIDTH="44" HEIGHT="34" CONTENT="to" />
            <SP ID="SP_16746" HPOS="1814" VPOS="1456" WIDTH="31" HEIGHT="0" />
            <String ID="Word_18659" HPOS="1845" VPOS="1456" WIDTH="109" HEIGHT="42" CONTENT="have" />
          </TextLine>
          <TextLine ID="TextLine_1914" HPOS="342" VPOS="1527" WIDTH="1611" HEIGHT="57">
            <String ID="Word_18660" HPOS="342" VPOS="1529" WIDTH="108" HEIGHT="41" CONTENT="been" />
            <SP ID="SP_16747" HPOS="450" VPOS="1529" WIDTH="24" HEIGHT="0" />
            <String ID="Word_18661" HPOS="474" VPOS="1529" WIDTH="235" HEIGHT="41" CONTENT="somewhat" />
            <SP ID="SP_16748" HPOS="709" VPOS="1529" WIDTH="22" HEIGHT="0" />
            <String ID="Word_18662" HPOS="731" VPOS="1529" WIDTH="243" HEIGHT="55" CONTENT="prolonged," />
            <SP ID="SP_16749" HPOS="974" VPOS="1529" WIDTH="22" HEIGHT="0" />
            <String ID="Word_18663" HPOS="996" VPOS="1530" WIDTH="79" HEIGHT="40" CONTENT="but" />
            <SP ID="SP_16750" HPOS="1075" VPOS="1529" WIDTH="31" HEIGHT="0" />
            <String ID="Word_18664" HPOS="1106" VPOS="1529" WIDTH="72" HEIGHT="42" CONTENT="the" />
            <SP ID="SP_16751" HPOS="1178" VPOS="1529" WIDTH="22" HEIGHT="0" />
            <String ID="Word_18665" HPOS="1200" VPOS="1530" WIDTH="167" HEIGHT="53" CONTENT="patient" />
            <SP ID="SP_16752" HPOS="1367" VPOS="1529" WIDTH="31" HEIGHT="0" />
            <String ID="Word_18666" HPOS="1398" VPOS="1529" WIDTH="231" HEIGHT="41" CONTENT="continued" />
            <SP ID="SP_16753" HPOS="1629" VPOS="1529" WIDTH="33" HEIGHT="0" />
            <String ID="Word_18667" HPOS="1662" VPOS="1533" WIDTH="44" HEIGHT="36" CONTENT="to" />
            <SP ID="SP_16754" HPOS="1706" VPOS="1528" WIDTH="21" HEIGHT="0" />
            <String ID="Word_18668" HPOS="1727" VPOS="1528" WIDTH="137" HEIGHT="41" CONTENT="retain" />
            <SP ID="SP_16755" HPOS="1864" VPOS="1527" WIDTH="22" HEIGHT="0" />
            <String ID="Word_18669" HPOS="1886" VPOS="1527" WIDTH="67" HEIGHT="42" CONTENT="his" />
          </TextLine>
          <TextLine ID="TextLine_1915" HPOS="342" VPOS="1597" WIDTH="1614" HEIGHT="56">
            <String ID="Word_18670" HPOS="342" VPOS="1612" WIDTH="165" HEIGHT="41" CONTENT="powers" />
            <SP ID="SP_16756" HPOS="507" VPOS="1599" WIDTH="22" HEIGHT="0" />
            <String ID="Word_18671" HPOS="529" VPOS="1599" WIDTH="43" HEIGHT="40" CONTENT="of" />
            <SP ID="SP_16757" HPOS="572" VPOS="1599" WIDTH="31" HEIGHT="0" />
            <String ID="Word_18672" HPOS="603" VPOS="1613" WIDTH="179" HEIGHT="40" CONTENT="speech;" />
            <SP ID="SP_16758" HPOS="782" VPOS="1613" WIDTH="31" HEIGHT="0" />
            <String ID="Word_18673" HPOS="813" VPOS="1613" WIDTH="47" HEIGHT="28" CONTENT="so" />
            <SP ID="SP_16759" HPOS="860" VPOS="1600" WIDTH="23" HEIGHT="0" />
            <String ID="Word_18674" HPOS="883" VPOS="1604" WIDTH="94" HEIGHT="37" CONTENT="that" />
            <SP ID="SP_16760" HPOS="977" VPOS="1599" WIDTH="22" HEIGHT="0" />
            <String ID="Word_18675" HPOS="999" VPOS="1599" WIDTH="137" HEIGHT="41" CONTENT="when," />
            <SP ID="SP_16761" HPOS="1136" VPOS="1599" WIDTH="20" HEIGHT="0" />
            <String ID="Word_18676" HPOS="1156" VPOS="1604" WIDTH="45" HEIGHT="36" CONTENT="at" />
            <SP ID="SP_16762" HPOS="1201" VPOS="1604" WIDTH="21" HEIGHT="0" />
            <String ID="Word_18677" HPOS="1222" VPOS="1613" WIDTH="25" HEIGHT="27" CONTENT="a" />
            <SP ID="SP_16763" HPOS="1247" VPOS="1598" WIDTH="26" HEIGHT="0" />
            <String ID="Word_18678" HPOS="1273" VPOS="1598" WIDTH="87" HEIGHT="43" CONTENT="late" />
            <SP ID="SP_16764" HPOS="1360" VPOS="1598" WIDTH="22" HEIGHT="0" />
            <String ID="Word_18679" HPOS="1382" VPOS="1599" WIDTH="121" HEIGHT="41" CONTENT="hour," />
            <SP ID="SP_16765" HPOS="1503" VPOS="1599" WIDTH="21" HEIGHT="0" />
            <String ID="Word_18680" HPOS="1524" VPOS="1599" WIDTH="53" HEIGHT="40" CONTENT="he" />
            <SP ID="SP_16766" HPOS="1577" VPOS="1597" WIDTH="21" HEIGHT="0" />
            <String ID="Word_18681" HPOS="1598" VPOS="1597" WIDTH="202" HEIGHT="42" CONTENT="returned" />
            <SP ID="SP_16767" HPOS="1800" VPOS="1597" WIDTH="23" HEIGHT="0" />
            <String ID="Word_18682" HPOS="1823" VPOS="1601" WIDTH="43" HEIGHT="37" CONTENT="to" />
            <SP ID="SP_16768" HPOS="1866" VPOS="1598" WIDTH="23" HEIGHT="0" />
            <String ID="Word_18683" HPOS="1889" VPOS="1598" WIDTH="67" HEIGHT="41" CONTENT="his" />
          </TextLine>
          <TextLine ID="TextLine_1916" HPOS="343" VPOS="1668" WIDTH="1611" HEIGHT="57">
            <String ID="Word_18684" HPOS="343" VPOS="1683" WIDTH="97" HEIGHT="27" CONTENT="own" />
            <SP ID="SP_16769" HPOS="440" VPOS="1670" WIDTH="24" HEIGHT="0" />
            <String ID="Word_18685" HPOS="464" VPOS="1670" WIDTH="137" HEIGHT="40" CONTENT="home," />
            <SP ID="SP_16770" HPOS="601" VPOS="1669" WIDTH="22" HEIGHT="0" />
            <String ID="Word_18686" HPOS="623" VPOS="1669" WIDTH="54" HEIGHT="41" CONTENT="he" />
            <SP ID="SP_16771" HPOS="677" VPOS="1669" WIDTH="21" HEIGHT="0" />
            <String ID="Word_18687" HPOS="698" VPOS="1669" WIDTH="167" HEIGHT="56" CONTENT="greatly" />
            <SP ID="SP_16772" HPOS="865" VPOS="1669" WIDTH="17" HEIGHT="0" />
            <String ID="Word_18688" HPOS="882" VPOS="1669" WIDTH="216" HEIGHT="41" CONTENT="surprised" />
            <SP ID="SP_16773" HPOS="1098" VPOS="1669" WIDTH="19" HEIGHT="0" />
            <String ID="Word_18689" HPOS="1117" VPOS="1670" WIDTH="65" HEIGHT="40" CONTENT="his" />
            <SP ID="SP_16774" HPOS="1182" VPOS="1668" WIDTH="17" HEIGHT="0" />
            <String ID="Word_18690" HPOS="1199" VPOS="1668" WIDTH="162" HEIGHT="42" CONTENT="friends" />
            <SP ID="SP_16775" HPOS="1361" VPOS="1668" WIDTH="17" HEIGHT="0" />
            <String ID="Word_18691" HPOS="1378" VPOS="1669" WIDTH="55" HEIGHT="40" CONTENT="by" />
            <SP ID="SP_16776" HPOS="1433" VPOS="1669" WIDTH="18" HEIGHT="0" />
            <String ID="Word_18692" HPOS="1451" VPOS="1669" WIDTH="67" HEIGHT="40" CONTENT="his" />
            <SP ID="SP_16777" HPOS="1518" VPOS="1669" WIDTH="17" HEIGHT="0" />
            <String ID="Word_18693" HPOS="1535" VPOS="1682" WIDTH="164" HEIGHT="40" CONTENT="powers" />
            <SP ID="SP_16778" HPOS="1699" VPOS="1668" WIDTH="17" HEIGHT="0" />
            <String ID="Word_18694" HPOS="1716" VPOS="1668" WIDTH="43" HEIGHT="40" CONTENT="of" />
            <SP ID="SP_16779" HPOS="1759" VPOS="1668" WIDTH="21" HEIGHT="0" />
            <String ID="Word_18695" HPOS="1780" VPOS="1681" WIDTH="174" HEIGHT="28" CONTENT="expres-" />
          </TextLine>
          <TextLine ID="TextLine_1917" HPOS="344" VPOS="1739" WIDTH="1611" HEIGHT="56">
            <String ID="Word_18696" HPOS="344" VPOS="1740" WIDTH="104" HEIGHT="42" CONTENT="sion." />
            <SP ID="SP_16780" HPOS="448" VPOS="1740" WIDTH="63" HEIGHT="0" />
            <String ID="Word_18697" HPOS="511" VPOS="1740" WIDTH="121" HEIGHT="41" CONTENT="Next" />
            <SP ID="SP_16781" HPOS="632" VPOS="1740" WIDTH="31" HEIGHT="0" />
            <String ID="Word_18698" HPOS="663" VPOS="1740" WIDTH="211" HEIGHT="55" CONTENT="morning," />
            <SP ID="SP_16782" HPOS="874" VPOS="1740" WIDTH="22" HEIGHT="0" />
            <String ID="Word_18699" HPOS="896" VPOS="1740" WIDTH="206" HEIGHT="41" CONTENT="however," />
            <SP ID="SP_16783" HPOS="1102" VPOS="1740" WIDTH="25" HEIGHT="0" />
            <String ID="Word_18700" HPOS="1127" VPOS="1740" WIDTH="51" HEIGHT="40" CONTENT="he" />
            <SP ID="SP_16784" HPOS="1178" VPOS="1740" WIDTH="31" HEIGHT="0" />
            <String ID="Word_18701" HPOS="1209" VPOS="1753" WIDTH="87" HEIGHT="27" CONTENT="was" />
            <SP ID="SP_16785" HPOS="1296" VPOS="1753" WIDTH="32" HEIGHT="0" />
            <String ID="Word_18702" HPOS="1328" VPOS="1753" WIDTH="46" HEIGHT="27" CONTENT="as" />
            <SP ID="SP_16786" HPOS="1374" VPOS="1744" WIDTH="33" HEIGHT="0" />
            <String ID="Word_18703" HPOS="1407" VPOS="1744" WIDTH="116" HEIGHT="36" CONTENT="mute" />
            <SP ID="SP_16787" HPOS="1523" VPOS="1744" WIDTH="32" HEIGHT="0" />
            <String ID="Word_18704" HPOS="1555" VPOS="1752" WIDTH="46" HEIGHT="28" CONTENT="as" />
            <SP ID="SP_16788" HPOS="1601" VPOS="1752" WIDTH="30" HEIGHT="0" />
            <String ID="Word_18705" HPOS="1631" VPOS="1752" WIDTH="112" HEIGHT="28" CONTENT="ever," />
            <SP ID="SP_16789" HPOS="1743" VPOS="1739" WIDTH="20" HEIGHT="0" />
            <String ID="Word_18706" HPOS="1763" VPOS="1739" WIDTH="84" HEIGHT="41" CONTENT="and" />
            <SP ID="SP_16790" HPOS="1847" VPOS="1739" WIDTH="24" HEIGHT="0" />
            <String ID="Word_18707" HPOS="1871" VPOS="1739" WIDTH="84" HEIGHT="41" CONTENT="had" />
          </TextLine>
          <TextLine ID="TextLine_1918" HPOS="343" VPOS="1810" WIDTH="927" HEIGHT="55">
            <String ID="Word_18708" HPOS="343" VPOS="1825" WIDTH="105" HEIGHT="27" CONTENT="once" />
            <SP ID="SP_16791" HPOS="448" VPOS="1824" WIDTH="23" HEIGHT="0" />
            <String ID="Word_18709" HPOS="471" VPOS="1824" WIDTH="116" HEIGHT="28" CONTENT="more" />
            <SP ID="SP_16792" HPOS="587" VPOS="1815" WIDTH="24" HEIGHT="0" />
            <String ID="Word_18710" HPOS="611" VPOS="1815" WIDTH="43" HEIGHT="36" CONTENT="to" />
            <SP ID="SP_16793" HPOS="654" VPOS="1810" WIDTH="22" HEIGHT="0" />
            <String ID="Word_18711" HPOS="676" VPOS="1810" WIDTH="108" HEIGHT="42" CONTENT="have" />
            <SP ID="SP_16794" HPOS="784" VPOS="1810" WIDTH="23" HEIGHT="0" />
            <String ID="Word_18712" HPOS="807" VPOS="1824" WIDTH="193" HEIGHT="28" CONTENT="recourse" />
            <SP ID="SP_16795" HPOS="1000" VPOS="1816" WIDTH="21" HEIGHT="0" />
            <String ID="Word_18713" HPOS="1021" VPOS="1816" WIDTH="44" HEIGHT="35" CONTENT="to" />
            <SP ID="SP_16796" HPOS="1065" VPOS="1810" WIDTH="25" HEIGHT="0" />
            <String ID="Word_18714" HPOS="1090" VPOS="1814" WIDTH="180" HEIGHT="37" CONTENT="writing." />
          </TextLine>
          <TextLine ID="TextLine_1919" HPOS="406" VPOS="1879" WIDTH="1551" HEIGHT="55">
            <String ID="Word_18715" HPOS="406" VPOS="1880" WIDTH="130" HEIGHT="43" CONTENT="Some" />
            <SP ID="SP_16797" HPOS="536" VPOS="1880" WIDTH="36" HEIGHT="0" />
            <String ID="Word_18716" HPOS="572" VPOS="1880" WIDTH="175" HEIGHT="41" CONTENT="months" />
            <SP ID="SP_16798" HPOS="747" VPOS="1880" WIDTH="32" HEIGHT="0" />
            <String ID="Word_18717" HPOS="779" VPOS="1886" WIDTH="110" HEIGHT="35" CONTENT="after" />
            <SP ID="SP_16799" HPOS="889" VPOS="1880" WIDTH="31" HEIGHT="0" />
            <String ID="Word_18718" HPOS="920" VPOS="1880" WIDTH="86" HEIGHT="41" CONTENT="this" />
            <SP ID="SP_16800" HPOS="1006" VPOS="1879" WIDTH="32" HEIGHT="0" />
            <String ID="Word_18719" HPOS="1038" VPOS="1879" WIDTH="205" HEIGHT="42" CONTENT="incident," />
            <SP ID="SP_16801" HPOS="1243" VPOS="1879" WIDTH="31" HEIGHT="0" />
            <String ID="Word_18720" HPOS="1274" VPOS="1879" WIDTH="73" HEIGHT="42" CONTENT="the" />
            <SP ID="SP_16802" HPOS="1347" VPOS="1879" WIDTH="31" HEIGHT="0" />
            <String ID="Word_18721" HPOS="1378" VPOS="1879" WIDTH="167" HEIGHT="55" CONTENT="patient" />
            <SP ID="SP_16803" HPOS="1545" VPOS="1879" WIDTH="30" HEIGHT="0" />
            <String ID="Word_18722" HPOS="1575" VPOS="1879" WIDTH="201" HEIGHT="42" CONTENT="returned" />
            <SP ID="SP_16804" HPOS="1776" VPOS="1879" WIDTH="35" HEIGHT="0" />
            <String ID="Word_18723" HPOS="1811" VPOS="1885" WIDTH="42" HEIGHT="36" CONTENT="to" />
            <SP ID="SP_16805" HPOS="1853" VPOS="1880" WIDTH="32" HEIGHT="0" />
            <String ID="Word_18724" HPOS="1885" VPOS="1880" WIDTH="72" HEIGHT="41" CONTENT="the" />
          </TextLine>
          <TextLine ID="TextLine_1920" HPOS="344" VPOS="1950" WIDTH="1611" HEIGHT="57">
            <String ID="Word_18725" HPOS="344" VPOS="1951" WIDTH="154" HEIGHT="42" CONTENT="colony" />
            <SP ID="SP_16806" HPOS="498" VPOS="1951" WIDTH="23" HEIGHT="0" />
            <String ID="Word_18726" HPOS="521" VPOS="1951" WIDTH="141" HEIGHT="42" CONTENT="where" />
            <SP ID="SP_16807" HPOS="662" VPOS="1951" WIDTH="32" HEIGHT="0" />
            <String ID="Word_18727" HPOS="694" VPOS="1951" WIDTH="55" HEIGHT="41" CONTENT="he" />
            <SP ID="SP_16808" HPOS="749" VPOS="1951" WIDTH="22" HEIGHT="0" />
            <String ID="Word_18728" HPOS="771" VPOS="1951" WIDTH="84" HEIGHT="41" CONTENT="had" />
            <SP ID="SP_16809" HPOS="855" VPOS="1950" WIDTH="31" HEIGHT="0" />
            <String ID="Word_18729" HPOS="886" VPOS="1950" WIDTH="203" HEIGHT="55" CONTENT="formerly" />
            <SP ID="SP_16810" HPOS="1089" VPOS="1950" WIDTH="22" HEIGHT="0" />
            <String ID="Word_18730" HPOS="1111" VPOS="1950" WIDTH="190" HEIGHT="42" CONTENT="resided;" />
            <SP ID="SP_16811" HPOS="1301" VPOS="1950" WIDTH="31" HEIGHT="0" />
            <String ID="Word_18731" HPOS="1332" VPOS="1950" WIDTH="83" HEIGHT="41" CONTENT="and" />
            <SP ID="SP_16812" HPOS="1415" VPOS="1950" WIDTH="33" HEIGHT="0" />
            <String ID="Word_18732" HPOS="1448" VPOS="1965" WIDTH="102" HEIGHT="27" CONTENT="soon" />
            <SP ID="SP_16813" HPOS="1550" VPOS="1951" WIDTH="23" HEIGHT="0" />
            <String ID="Word_18733" HPOS="1573" VPOS="1955" WIDTH="111" HEIGHT="37" CONTENT="after" />
            <SP ID="SP_16814" HPOS="1684" VPOS="1950" WIDTH="29" HEIGHT="0" />
            <String ID="Word_18734" HPOS="1713" VPOS="1950" WIDTH="67" HEIGHT="42" CONTENT="his" />
            <SP ID="SP_16815" HPOS="1780" VPOS="1950" WIDTH="22" HEIGHT="0" />
            <String ID="Word_18735" HPOS="1802" VPOS="1950" WIDTH="153" HEIGHT="42" CONTENT="arrival" />
          </TextLine>
          <TextLine ID="TextLine_1921" HPOS="343" VPOS="2020" WIDTH="1612" HEIGHT="56">
            <String ID="Word_18736" HPOS="343" VPOS="2022" WIDTH="55" HEIGHT="42" CONTENT="he" />
            <SP ID="SP_16816" HPOS="398" VPOS="2021" WIDTH="32" HEIGHT="0" />
            <String ID="Word_18737" HPOS="430" VPOS="2021" WIDTH="214" HEIGHT="55" CONTENT="suddenly" />
            <SP ID="SP_16817" HPOS="644" VPOS="2021" WIDTH="33" HEIGHT="0" />
            <String ID="Word_18738" HPOS="677" VPOS="2021" WIDTH="199" HEIGHT="41" CONTENT="regained" />
            <SP ID="SP_16818" HPOS="876" VPOS="2020" WIDTH="39" HEIGHT="0" />
            <String ID="Word_18739" HPOS="915" VPOS="2020" WIDTH="67" HEIGHT="42" CONTENT="his" />
            <SP ID="SP_16819" HPOS="982" VPOS="2020" WIDTH="37" HEIGHT="0" />
            <String ID="Word_18740" HPOS="1019" VPOS="2034" WIDTH="142" HEIGHT="40" CONTENT="power" />
            <SP ID="SP_16820" HPOS="1161" VPOS="2020" WIDTH="30" HEIGHT="0" />
            <String ID="Word_18741" HPOS="1191" VPOS="2020" WIDTH="45" HEIGHT="41" CONTENT="of" />
            <SP ID="SP_16821" HPOS="1236" VPOS="2020" WIDTH="35" HEIGHT="0" />
            <String ID="Word_18742" HPOS="1271" VPOS="2020" WIDTH="166" HEIGHT="54" CONTENT="speech." />
            <SP ID="SP_16822" HPOS="1437" VPOS="2020" WIDTH="64" HEIGHT="0" />
            <String ID="Word_18743" HPOS="1501" VPOS="2020" WIDTH="95" HEIGHT="42" CONTENT="One" />
            <SP ID="SP_16823" HPOS="1596" VPOS="2020" WIDTH="36" HEIGHT="0" />
            <String ID="Word_18744" HPOS="1632" VPOS="2020" WIDTH="189" HEIGHT="56" CONTENT="Sunday," />
            <SP ID="SP_16824" HPOS="1821" VPOS="2020" WIDTH="23" HEIGHT="0" />
            <String ID="Word_18745" HPOS="1844" VPOS="2034" WIDTH="111" HEIGHT="41" CONTENT="upon" />
          </TextLine>
          <TextLine ID="TextLine_1922" HPOS="344" VPOS="2090" WIDTH="1613" HEIGHT="57">
            <String ID="Word_18746" HPOS="344" VPOS="2092" WIDTH="192" HEIGHT="41" CONTENT="meeting" />
            <SP ID="SP_16825" HPOS="536" VPOS="2091" WIDTH="31" HEIGHT="0" />
            <String ID="Word_18747" HPOS="567" VPOS="2091" WIDTH="66" HEIGHT="42" CONTENT="his" />
            <SP ID="SP_16826" HPOS="633" VPOS="2091" WIDTH="32" HEIGHT="0" />
            <String ID="Word_18748" HPOS="665" VPOS="2095" WIDTH="128" HEIGHT="38" CONTENT="sister" />
            <SP ID="SP_16827" HPOS="793" VPOS="2091" WIDTH="22" HEIGHT="0" />
            <String ID="Word_18749" HPOS="815" VPOS="2091" WIDTH="125" HEIGHT="41" CONTENT="when" />
            <SP ID="SP_16828" HPOS="940" VPOS="2091" WIDTH="28" HEIGHT="0" />
            <String ID="Word_18750" HPOS="968" VPOS="2091" WIDTH="75" HEIGHT="41" CONTENT="she" />
            <SP ID="SP_16829" HPOS="1043" VPOS="2091" WIDTH="35" HEIGHT="0" />
            <String ID="Word_18751" HPOS="1078" VPOS="2105" WIDTH="84" HEIGHT="27" CONTENT="was" />
            <SP ID="SP_16830" HPOS="1162" VPOS="2091" WIDTH="33" HEIGHT="0" />
            <String ID="Word_18752" HPOS="1195" VPOS="2091" WIDTH="187" HEIGHT="41" CONTENT="walking" />
            <SP ID="SP_16831" HPOS="1382" VPOS="2091" WIDTH="31" HEIGHT="0" />
            <String ID="Word_18753" HPOS="1413" VPOS="2091" WIDTH="126" HEIGHT="41" CONTENT="home" />
            <SP ID="SP_16832" HPOS="1539" VPOS="2091" WIDTH="31" HEIGHT="0" />
            <String ID="Word_18754" HPOS="1570" VPOS="2091" WIDTH="108" HEIGHT="40" CONTENT="from" />
            <SP ID="SP_16833" HPOS="1678" VPOS="2090" WIDTH="33" HEIGHT="0" />
            <String ID="Word_18755" HPOS="1711" VPOS="2090" WIDTH="169" HEIGHT="42" CONTENT="church," />
            <SP ID="SP_16834" HPOS="1880" VPOS="2090" WIDTH="22" HEIGHT="0" />
            <String ID="Word_18756" HPOS="1902" VPOS="2090" WIDTH="55" HEIGHT="42" CONTENT="he" />
          </TextLine>
          <TextLine ID="TextLine_1923" HPOS="344" VPOS="2160" WIDTH="1613" HEIGHT="57">
            <String ID="Word_18757" HPOS="344" VPOS="2162" WIDTH="215" HEIGHT="42" CONTENT="suddenly" />
            <SP ID="SP_16835" HPOS="559" VPOS="2161" WIDTH="23" HEIGHT="0" />
            <String ID="Word_18758" HPOS="582" VPOS="2161" WIDTH="134" HEIGHT="41" CONTENT="found" />
            <SP ID="SP_16836" HPOS="716" VPOS="2160" WIDTH="24" HEIGHT="0" />
            <String ID="Word_18759" HPOS="740" VPOS="2160" WIDTH="178" HEIGHT="42" CONTENT="himself" />
            <SP ID="SP_16837" HPOS="918" VPOS="2160" WIDTH="27" HEIGHT="0" />
            <String ID="Word_18760" HPOS="945" VPOS="2160" WIDTH="95" HEIGHT="42" CONTENT="able" />
            <SP ID="SP_16838" HPOS="1040" VPOS="2160" WIDTH="25" HEIGHT="0" />
            <String ID="Word_18761" HPOS="1065" VPOS="2168" WIDTH="43" HEIGHT="34" CONTENT="to" />
            <SP ID="SP_16839" HPOS="1108" VPOS="2168" WIDTH="23" HEIGHT="0" />
            <String ID="Word_18762" HPOS="1131" VPOS="2175" WIDTH="201" HEIGHT="27" CONTENT="converse" />
            <SP ID="SP_16840" HPOS="1332" VPOS="2161" WIDTH="23" HEIGHT="0" />
            <String ID="Word_18763" HPOS="1355" VPOS="2161" WIDTH="44" HEIGHT="40" CONTENT="in" />
            <SP ID="SP_16841" HPOS="1399" VPOS="2161" WIDTH="23" HEIGHT="0" />
            <String ID="Word_18764" HPOS="1422" VPOS="2175" WIDTH="54" HEIGHT="26" CONTENT="an" />
            <SP ID="SP_16842" HPOS="1476" VPOS="2161" WIDTH="24" HEIGHT="0" />
            <String ID="Word_18765" HPOS="1500" VPOS="2161" WIDTH="201" HEIGHT="54" CONTENT="ordinary" />
            <SP ID="SP_16843" HPOS="1701" VPOS="2161" WIDTH="22" HEIGHT="0" />
            <String ID="Word_18766" HPOS="1723" VPOS="2174" WIDTH="104" HEIGHT="40" CONTENT="way." />
            <SP ID="SP_16844" HPOS="1827" VPOS="2161" WIDTH="62" HEIGHT="0" />
            <String ID="Word_18767" HPOS="1889" VPOS="2161" WIDTH="68" HEIGHT="41" CONTENT="He" />
          </TextLine>
          <TextLine ID="TextLine_1924" HPOS="344" VPOS="2231" WIDTH="1614" HEIGHT="54">
            <String ID="Word_18768" HPOS="344" VPOS="2233" WIDTH="86" HEIGHT="40" CONTENT="had" />
            <SP ID="SP_16845" HPOS="430" VPOS="2233" WIDTH="38" HEIGHT="0" />
            <String ID="Word_18769" HPOS="468" VPOS="2233" WIDTH="100" HEIGHT="40" CONTENT="thus" />
            <SP ID="SP_16846" HPOS="568" VPOS="2232" WIDTH="38" HEIGHT="0" />
            <String ID="Word_18770" HPOS="606" VPOS="2232" WIDTH="107" HEIGHT="41" CONTENT="been" />
            <SP ID="SP_16847" HPOS="713" VPOS="2232" WIDTH="36" HEIGHT="0" />
            <String ID="Word_18771" HPOS="749" VPOS="2236" WIDTH="121" HEIGHT="36" CONTENT="mute" />
            <SP ID="SP_16848" HPOS="870" VPOS="2231" WIDTH="38" HEIGHT="0" />
            <String ID="Word_18772" HPOS="908" VPOS="2231" WIDTH="156" HEIGHT="41" CONTENT="almost" />
            <SP ID="SP_16849" HPOS="1064" VPOS="2231" WIDTH="36" HEIGHT="0" />
            <String ID="Word_18773" HPOS="1100" VPOS="2231" WIDTH="304" HEIGHT="41" CONTENT="continuously" />
            <SP ID="SP_16850" HPOS="1404" VPOS="2231" WIDTH="38" HEIGHT="0" />
            <String ID="Word_18774" HPOS="1442" VPOS="2231" WIDTH="65" HEIGHT="41" CONTENT="for" />
            <SP ID="SP_16851" HPOS="1507" VPOS="2231" WIDTH="35" HEIGHT="0" />
            <String ID="Word_18775" HPOS="1542" VPOS="2231" WIDTH="131" HEIGHT="41" CONTENT="about" />
            <SP ID="SP_16852" HPOS="1673" VPOS="2231" WIDTH="34" HEIGHT="0" />
            <String ID="Word_18776" HPOS="1707" VPOS="2231" WIDTH="83" HEIGHT="41" CONTENT="five" />
            <SP ID="SP_16853" HPOS="1790" VPOS="2231" WIDTH="35" HEIGHT="0" />
            <String ID="Word_18777" HPOS="1825" VPOS="2245" WIDTH="133" HEIGHT="40" CONTENT="years." />
          </TextLine>
          <TextLine ID="TextLine_1925" HPOS="345" VPOS="2301" WIDTH="1529" HEIGHT="53">
            <String ID="Word_18778" HPOS="345" VPOS="2303" WIDTH="127" HEIGHT="42" CONTENT="Since" />
            <SP ID="SP_16854" HPOS="472" VPOS="2302" WIDTH="22" HEIGHT="0" />
            <String ID="Word_18779" HPOS="494" VPOS="2302" WIDTH="67" HEIGHT="41" CONTENT="his" />
            <SP ID="SP_16855" HPOS="561" VPOS="2302" WIDTH="22" HEIGHT="0" />
            <String ID="Word_18780" HPOS="583" VPOS="2315" WIDTH="202" HEIGHT="28" CONTENT="recovery" />
            <SP ID="SP_16856" HPOS="785" VPOS="2301" WIDTH="23" HEIGHT="0" />
            <String ID="Word_18781" HPOS="808" VPOS="2301" WIDTH="119" HEIGHT="41" CONTENT="there" />
            <SP ID="SP_16857" HPOS="927" VPOS="2301" WIDTH="23" HEIGHT="0" />
            <String ID="Word_18782" HPOS="950" VPOS="2301" WIDTH="76" HEIGHT="40" CONTENT="has" />
            <SP ID="SP_16858" HPOS="1026" VPOS="2301" WIDTH="24" HEIGHT="0" />
            <String ID="Word_18783" HPOS="1050" VPOS="2301" WIDTH="106" HEIGHT="41" CONTENT="been" />
            <SP ID="SP_16859" HPOS="1156" VPOS="2301" WIDTH="26" HEIGHT="0" />
            <String ID="Word_18784" HPOS="1182" VPOS="2315" WIDTH="52" HEIGHT="26" CONTENT="no" />
            <SP ID="SP_16860" HPOS="1234" VPOS="2315" WIDTH="24" HEIGHT="0" />
            <String ID="Word_18785" HPOS="1258" VPOS="2315" WIDTH="243" HEIGHT="27" CONTENT="recurrence" />
            <SP ID="SP_16861" HPOS="1501" VPOS="2301" WIDTH="23" HEIGHT="0" />
            <String ID="Word_18786" HPOS="1524" VPOS="2301" WIDTH="44" HEIGHT="41" CONTENT="of" />
            <SP ID="SP_16862" HPOS="1568" VPOS="2301" WIDTH="21" HEIGHT="0" />
            <String ID="Word_18787" HPOS="1589" VPOS="2301" WIDTH="73" HEIGHT="41" CONTENT="the" />
            <SP ID="SP_16863" HPOS="1662" VPOS="2301" WIDTH="23" HEIGHT="0" />
            <String ID="Word_18788" HPOS="1685" VPOS="2301" WIDTH="189" HEIGHT="41" CONTENT="mutism." />
          </TextLine>
          <TextLine ID="TextLine_1926" HPOS="403" VPOS="2370" WIDTH="1554" HEIGHT="56">
            <String ID="Word_18789" HPOS="403" VPOS="2372" WIDTH="225" HEIGHT="42" CONTENT="Although" />
            <SP ID="SP_16864" HPOS="628" VPOS="2372" WIDTH="42" HEIGHT="0" />
            <String ID="Word_18790" HPOS="670" VPOS="2372" WIDTH="36" HEIGHT="40" CONTENT="it" />
            <SP ID="SP_16865" HPOS="706" VPOS="2371" WIDTH="41" HEIGHT="0" />
            <String ID="Word_18791" HPOS="747" VPOS="2371" WIDTH="37" HEIGHT="41" CONTENT="is" />
            <SP ID="SP_16866" HPOS="784" VPOS="2371" WIDTH="43" HEIGHT="0" />
            <String ID="Word_18792" HPOS="827" VPOS="2371" WIDTH="102" HEIGHT="40" CONTENT="only" />
            <SP ID="SP_16867" HPOS="929" VPOS="2371" WIDTH="38" HEIGHT="0" />
            <String ID="Word_18793" HPOS="967" VPOS="2384" WIDTH="24" HEIGHT="27" CONTENT="a" />
            <SP ID="SP_16868" HPOS="991" VPOS="2371" WIDTH="37" HEIGHT="0" />
            <String ID="Word_18794" HPOS="1028" VPOS="2371" WIDTH="82" HEIGHT="40" CONTENT="few" />
            <SP ID="SP_16869" HPOS="1110" VPOS="2371" WIDTH="35" HEIGHT="0" />
            <String ID="Word_18795" HPOS="1145" VPOS="2384" WIDTH="123" HEIGHT="40" CONTENT="years" />
            <SP ID="SP_16870" HPOS="1268" VPOS="2370" WIDTH="41" HEIGHT="0" />
            <String ID="Word_18796" HPOS="1309" VPOS="2370" WIDTH="116" HEIGHT="41" CONTENT="since" />
            <SP ID="SP_16871" HPOS="1425" VPOS="2370" WIDTH="36" HEIGHT="0" />
            <String ID="Word_18797" HPOS="1461" VPOS="2370" WIDTH="74" HEIGHT="41" CONTENT="the" />
            <SP ID="SP_16872" HPOS="1535" VPOS="2370" WIDTH="36" HEIGHT="0" />
            <String ID="Word_18798" HPOS="1571" VPOS="2370" WIDTH="97" HEIGHT="41" CONTENT="title" />
            <SP ID="SP_16873" HPOS="1668" VPOS="2370" WIDTH="43" HEIGHT="0" />
            <String ID="Word_18799" HPOS="1711" VPOS="2371" WIDTH="246" HEIGHT="41" CONTENT="Hysterical" />
          </TextLine>
          <TextLine ID="TextLine_1927" HPOS="346" VPOS="2441" WIDTH="1613" HEIGHT="51">
            <String ID="Word_18800" HPOS="346" VPOS="2443" WIDTH="184" HEIGHT="42" CONTENT="Mutism" />
            <SP ID="SP_16874" HPOS="530" VPOS="2443" WIDTH="22" HEIGHT="0" />
            <String ID="Word_18801" HPOS="552" VPOS="2456" WIDTH="87" HEIGHT="27" CONTENT="was" />
            <SP ID="SP_16875" HPOS="639" VPOS="2442" WIDTH="22" HEIGHT="0" />
            <String ID="Word_18802" HPOS="661" VPOS="2442" WIDTH="218" HEIGHT="41" CONTENT="invented," />
            <SP ID="SP_16876" HPOS="879" VPOS="2442" WIDTH="23" HEIGHT="0" />
            <String ID="Word_18803" HPOS="902" VPOS="2455" WIDTH="116" HEIGHT="27" CONTENT="cases" />
            <SP ID="SP_16877" HPOS="1018" VPOS="2442" WIDTH="22" HEIGHT="0" />
            <String ID="Word_18804" HPOS="1040" VPOS="2442" WIDTH="45" HEIGHT="40" CONTENT="of" />
            <SP ID="SP_16878" HPOS="1085" VPOS="2441" WIDTH="26" HEIGHT="0" />
            <String ID="Word_18805" HPOS="1111" VPOS="2441" WIDTH="75" HEIGHT="41" CONTENT="the" />
            <SP ID="SP_16879" HPOS="1186" VPOS="2441" WIDTH="21" HEIGHT="0" />
            <String ID="Word_18806" HPOS="1207" VPOS="2442" WIDTH="218" HEIGHT="40" CONTENT="condition" />
            <SP ID="SP_16880" HPOS="1425" VPOS="2442" WIDTH="26" HEIGHT="0" />
            <String ID="Word_18807" HPOS="1451" VPOS="2455" WIDTH="106" HEIGHT="27" CONTENT="were" />
            <SP ID="SP_16881" HPOS="1557" VPOS="2441" WIDTH="24" HEIGHT="0" />
            <String ID="Word_18808" HPOS="1581" VPOS="2441" WIDTH="220" HEIGHT="42" CONTENT="described" />
            <SP ID="SP_16882" HPOS="1801" VPOS="2441" WIDTH="25" HEIGHT="0" />
            <String ID="Word_18809" HPOS="1826" VPOS="2456" WIDTH="133" HEIGHT="28" CONTENT="under" />
          </TextLine>
          <TextLine ID="TextLine_1928" HPOS="345" VPOS="2509" WIDTH="1612" HEIGHT="56">
            <String ID="Word_18810" HPOS="345" VPOS="2526" WIDTH="173" HEIGHT="27" CONTENT="various" />
            <SP ID="SP_16883" HPOS="518" VPOS="2511" WIDTH="24" HEIGHT="0" />
            <String ID="Word_18811" HPOS="542" VPOS="2511" WIDTH="119" HEIGHT="41" CONTENT="titles" />
            <SP ID="SP_16884" HPOS="661" VPOS="2511" WIDTH="23" HEIGHT="0" />
            <String ID="Word_18812" HPOS="684" VPOS="2524" WIDTH="45" HEIGHT="28" CONTENT="as" />
            <SP ID="SP_16885" HPOS="729" VPOS="2511" WIDTH="23" HEIGHT="0" />
            <String ID="Word_18813" HPOS="752" VPOS="2511" WIDTH="101" HEIGHT="54" CONTENT="long" />
            <SP ID="SP_16886" HPOS="853" VPOS="2511" WIDTH="21" HEIGHT="0" />
            <String ID="Word_18814" HPOS="874" VPOS="2524" WIDTH="77" HEIGHT="27" CONTENT="ago" />
            <SP ID="SP_16887" HPOS="951" VPOS="2524" WIDTH="36" HEIGHT="0" />
            <String ID="Word_18815" HPOS="987" VPOS="2524" WIDTH="45" HEIGHT="26" CONTENT="as" />
            <SP ID="SP_16888" HPOS="1032" VPOS="2509" WIDTH="40" HEIGHT="0" />
            <String ID="Word_18816" HPOS="1072" VPOS="2509" WIDTH="72" HEIGHT="42" CONTENT="the" />
            <SP ID="SP_16889" HPOS="1144" VPOS="2509" WIDTH="33" HEIGHT="0" />
            <String ID="Word_18817" HPOS="1177" VPOS="2510" WIDTH="162" HEIGHT="41" CONTENT="middle" />
            <SP ID="SP_16890" HPOS="1339" VPOS="2510" WIDTH="34" HEIGHT="0" />
            <String ID="Word_18818" HPOS="1373" VPOS="2510" WIDTH="44" HEIGHT="40" CONTENT="of" />
            <SP ID="SP_16891" HPOS="1417" VPOS="2510" WIDTH="34" HEIGHT="0" />
            <String ID="Word_18819" HPOS="1451" VPOS="2510" WIDTH="84" HEIGHT="41" CONTENT="last" />
            <SP ID="SP_16892" HPOS="1535" VPOS="2510" WIDTH="34" HEIGHT="0" />
            <String ID="Word_18820" HPOS="1569" VPOS="2515" WIDTH="189" HEIGHT="50" CONTENT="century." />
            <SP ID="SP_16893" HPOS="1758" VPOS="2511" WIDTH="63" HEIGHT="0" />
            <String ID="Word_18821" HPOS="1821" VPOS="2511" WIDTH="136" HEIGHT="50" CONTENT="Later," />
          </TextLine>
          <TextLine ID="TextLine_1929" HPOS="346" VPOS="2579" WIDTH="1611" HEIGHT="56">
            <String ID="Word_18822" HPOS="346" VPOS="2597" WIDTH="132" HEIGHT="28" CONTENT="about" />
            <SP ID="SP_16894" HPOS="478" VPOS="2581" WIDTH="23" HEIGHT="0" />
            <String ID="Word_18823" HPOS="501" VPOS="2581" WIDTH="135" HEIGHT="54" CONTENT="thirty" />
            <SP ID="SP_16895" HPOS="636" VPOS="2581" WIDTH="23" HEIGHT="0" />
            <String ID="Word_18824" HPOS="659" VPOS="2594" WIDTH="122" HEIGHT="41" CONTENT="years" />
            <SP ID="SP_16896" HPOS="781" VPOS="2594" WIDTH="32" HEIGHT="0" />
            <String ID="Word_18825" HPOS="813" VPOS="2594" WIDTH="90" HEIGHT="40" CONTENT="ago," />
            <SP ID="SP_16897" HPOS="903" VPOS="2593" WIDTH="22" HEIGHT="0" />
            <String ID="Word_18826" HPOS="925" VPOS="2593" WIDTH="24" HEIGHT="27" CONTENT="a" />
            <SP ID="SP_16898" HPOS="949" VPOS="2579" WIDTH="32" HEIGHT="0" />
            <String ID="Word_18827" HPOS="981" VPOS="2579" WIDTH="182" HEIGHT="42" CONTENT="number" />
            <SP ID="SP_16899" HPOS="1163" VPOS="2579" WIDTH="31" HEIGHT="0" />
            <String ID="Word_18828" HPOS="1194" VPOS="2581" WIDTH="46" HEIGHT="40" CONTENT="of" />
            <SP ID="SP_16900" HPOS="1240" VPOS="2581" WIDTH="28" HEIGHT="0" />
            <String ID="Word_18829" HPOS="1268" VPOS="2593" WIDTH="116" HEIGHT="28" CONTENT="cases" />
            <SP ID="SP_16901" HPOS="1384" VPOS="2593" WIDTH="33" HEIGHT="0" />
            <String ID="Word_18830" HPOS="1417" VPOS="2593" WIDTH="108" HEIGHT="28" CONTENT="were" />
            <SP ID="SP_16902" HPOS="1525" VPOS="2584" WIDTH="31" HEIGHT="0" />
            <String ID="Word_18831" HPOS="1556" VPOS="2584" WIDTH="79" HEIGHT="50" CONTENT="put" />
            <SP ID="SP_16903" HPOS="1635" VPOS="2584" WIDTH="34" HEIGHT="0" />
            <String ID="Word_18832" HPOS="1669" VPOS="2594" WIDTH="113" HEIGHT="40" CONTENT="upon" />
            <SP ID="SP_16904" HPOS="1782" VPOS="2580" WIDTH="31" HEIGHT="0" />
            <String ID="Word_18833" HPOS="1813" VPOS="2580" WIDTH="144" HEIGHT="42" CONTENT="record" />
          </TextLine>
          <TextLine ID="TextLine_1930" HPOS="344" VPOS="2649" WIDTH="1613" HEIGHT="56">
            <String ID="Word_18834" HPOS="344" VPOS="2667" WIDTH="140" HEIGHT="28" CONTENT="under" />
            <SP ID="SP_16905" HPOS="484" VPOS="2651" WIDTH="36" HEIGHT="0" />
            <String ID="Word_18835" HPOS="520" VPOS="2651" WIDTH="73" HEIGHT="42" CONTENT="the" />
            <SP ID="SP_16906" HPOS="593" VPOS="2650" WIDTH="38" HEIGHT="0" />
            <String ID="Word_18836" HPOS="631" VPOS="2650" WIDTH="96" HEIGHT="41" CONTENT="title" />
            <SP ID="SP_16907" HPOS="727" VPOS="2650" WIDTH="35" HEIGHT="0" />
            <String ID="Word_18837" HPOS="762" VPOS="2651" WIDTH="47" HEIGHT="40" CONTENT="of" />
            <SP ID="SP_16908" HPOS="809" VPOS="2649" WIDTH="33" HEIGHT="0" />
            <String ID="Word_18838" HPOS="842" VPOS="2649" WIDTH="260" HEIGHT="42" CONTENT="Functional" />
            <SP ID="SP_16909" HPOS="1102" VPOS="2649" WIDTH="33" HEIGHT="0" />
            <String ID="Word_18839" HPOS="1135" VPOS="2649" WIDTH="204" HEIGHT="54" CONTENT="Aphasia." />
            <SP ID="SP_16910" HPOS="1339" VPOS="2649" WIDTH="60" HEIGHT="0" />
            <String ID="Word_18840" HPOS="1399" VPOS="2649" WIDTH="173" HEIGHT="56" CONTENT="Among" />
            <SP ID="SP_16911" HPOS="1572" VPOS="2649" WIDTH="36" HEIGHT="0" />
            <String ID="Word_18841" HPOS="1608" VPOS="2650" WIDTH="154" HEIGHT="42" CONTENT="others," />
            <SP ID="SP_16912" HPOS="1762" VPOS="2649" WIDTH="33" HEIGHT="0" />
            <String ID="Word_18842" HPOS="1795" VPOS="2649" WIDTH="162" HEIGHT="43" CONTENT="several" />
          </TextLine>
          <TextLine ID="TextLine_1931" HPOS="345" VPOS="2718" WIDTH="1610" HEIGHT="58">
            <String ID="Word_18843" HPOS="345" VPOS="2736" WIDTH="110" HEIGHT="28" CONTENT="were" />
            <SP ID="SP_16913" HPOS="455" VPOS="2719" WIDTH="22" HEIGHT="0" />
            <String ID="Word_18844" HPOS="477" VPOS="2719" WIDTH="232" HEIGHT="57" CONTENT="published" />
            <SP ID="SP_16914" HPOS="709" VPOS="2719" WIDTH="20" HEIGHT="0" />
            <String ID="Word_18845" HPOS="729" VPOS="2719" WIDTH="46" HEIGHT="41" CONTENT="in" />
            <SP ID="SP_16915" HPOS="775" VPOS="2718" WIDTH="25" HEIGHT="0" />
            <String ID="Word_18846" HPOS="800" VPOS="2718" WIDTH="114" HEIGHT="45" CONTENT="1874" />
            <SP ID="SP_16916" HPOS="914" VPOS="2718" WIDTH="33" HEIGHT="0" />
            <String ID="Word_18847" HPOS="947" VPOS="2720" WIDTH="55" HEIGHT="53" CONTENT="by" />
            <SP ID="SP_16917" HPOS="1002" VPOS="2719" WIDTH="23" HEIGHT="0" />
            <String ID="Word_18848" HPOS="1025" VPOS="2719" WIDTH="256" HEIGHT="41" CONTENT="Kussmaul1" />
            <SP ID="SP_16918" HPOS="1281" VPOS="2719" WIDTH="30" HEIGHT="0" />
            <String ID="Word_18849" HPOS="1311" VPOS="2720" WIDTH="134" HEIGHT="41" CONTENT="under" />
            <SP ID="SP_16919" HPOS="1445" VPOS="2720" WIDTH="22" HEIGHT="0" />
            <String ID="Word_18850" HPOS="1467" VPOS="2721" WIDTH="86" HEIGHT="41" CONTENT="this" />
            <SP ID="SP_16920" HPOS="1553" VPOS="2721" WIDTH="28" HEIGHT="0" />
            <String ID="Word_18851" HPOS="1581" VPOS="2721" WIDTH="107" HEIGHT="41" CONTENT="title." />
            <SP ID="SP_16921" HPOS="1688" VPOS="2721" WIDTH="63" HEIGHT="0" />
            <String ID="Word_18852" HPOS="1751" VPOS="2721" WIDTH="88" HEIGHT="41" CONTENT="The" />
            <SP ID="SP_16922" HPOS="1839" VPOS="2721" WIDTH="23" HEIGHT="0" />
            <String ID="Word_18853" HPOS="1862" VPOS="2721" WIDTH="93" HEIGHT="41" CONTENT="title" />
          </TextLine>
          <TextLine ID="TextLine_1932" HPOS="345" VPOS="2789" WIDTH="1610" HEIGHT="59">
            <String ID="Word_18854" HPOS="345" VPOS="2790" WIDTH="249" HEIGHT="45" CONTENT="Hysterical" />
            <SP ID="SP_16923" HPOS="594" VPOS="2790" WIDTH="32" HEIGHT="0" />
            <String ID="Word_18855" HPOS="626" VPOS="2790" WIDTH="188" HEIGHT="41" CONTENT="Mutism" />
            <SP ID="SP_16924" HPOS="814" VPOS="2790" WIDTH="31" HEIGHT="0" />
            <String ID="Word_18856" HPOS="845" VPOS="2803" WIDTH="88" HEIGHT="27" CONTENT="was" />
            <SP ID="SP_16925" HPOS="933" VPOS="2789" WIDTH="31" HEIGHT="0" />
            <String ID="Word_18857" HPOS="964" VPOS="2789" WIDTH="93" HEIGHT="41" CONTENT="first" />
            <SP ID="SP_16926" HPOS="1057" VPOS="2789" WIDTH="29" HEIGHT="0" />
            <String ID="Word_18858" HPOS="1086" VPOS="2790" WIDTH="127" HEIGHT="54" CONTENT="given" />
            <SP ID="SP_16927" HPOS="1213" VPOS="2790" WIDTH="34" HEIGHT="0" />
            <String ID="Word_18859" HPOS="1247" VPOS="2794" WIDTH="43" HEIGHT="36" CONTENT="to" />
            <SP ID="SP_16928" HPOS="1290" VPOS="2789" WIDTH="32" HEIGHT="0" />
            <String ID="Word_18860" HPOS="1322" VPOS="2789" WIDTH="73" HEIGHT="42" CONTENT="the" />
            <SP ID="SP_16929" HPOS="1395" VPOS="2789" WIDTH="32" HEIGHT="0" />
            <String ID="Word_18861" HPOS="1427" VPOS="2790" WIDTH="219" HEIGHT="41" CONTENT="condition" />
            <SP ID="SP_16930" HPOS="1646" VPOS="2790" WIDTH="32" HEIGHT="0" />
            <String ID="Word_18862" HPOS="1678" VPOS="2791" WIDTH="45" HEIGHT="40" CONTENT="in" />
            <SP ID="SP_16931" HPOS="1723" VPOS="2791" WIDTH="35" HEIGHT="0" />
            <String ID="Word_18863" HPOS="1758" VPOS="2791" WIDTH="112" HEIGHT="41" CONTENT="1883" />
            <SP ID="SP_16932" HPOS="1870" VPOS="2790" WIDTH="31" HEIGHT="0" />
            <String ID="Word_18864" HPOS="1901" VPOS="2790" WIDTH="54" HEIGHT="55" CONTENT="by" />
          </TextLine>
          <TextLine ID="TextLine_1933" HPOS="344" VPOS="2858" WIDTH="1612" HEIGHT="55">
            <String ID="Word_18865" HPOS="344" VPOS="2862" WIDTH="221" HEIGHT="42" CONTENT="Professor" />
            <SP ID="SP_16933" HPOS="565" VPOS="2858" WIDTH="20" HEIGHT="0" />
            <String ID="Word_18866" HPOS="585" VPOS="2858" WIDTH="218" HEIGHT="43" CONTENT="Eevilliod" />
            <SP ID="SP_16934" HPOS="803" VPOS="2858" WIDTH="22" HEIGHT="0" />
            <String ID="Word_18867" HPOS="825" VPOS="2858" WIDTH="46" HEIGHT="41" CONTENT="of" />
            <SP ID="SP_16935" HPOS="871" VPOS="2858" WIDTH="19" HEIGHT="0" />
            <String ID="Word_18868" HPOS="890" VPOS="2858" WIDTH="190" HEIGHT="42" CONTENT="Geneva," />
            <SP ID="SP_16936" HPOS="1080" VPOS="2858" WIDTH="26" HEIGHT="0" />
            <String ID="Word_18869" HPOS="1106" VPOS="2858" WIDTH="93" HEIGHT="41" CONTENT="who" />
            <SP ID="SP_16937" HPOS="1199" VPOS="2858" WIDTH="23" HEIGHT="0" />
            <String ID="Word_18870" HPOS="1222" VPOS="2863" WIDTH="129" HEIGHT="37" CONTENT="wrote" />
            <SP ID="SP_16938" HPOS="1351" VPOS="2863" WIDTH="32" HEIGHT="0" />
            <String ID="Word_18871" HPOS="1383" VPOS="2872" WIDTH="24" HEIGHT="27" CONTENT="a" />
            <SP ID="SP_16939" HPOS="1407" VPOS="2872" WIDTH="31" HEIGHT="0" />
            <String ID="Word_18872" HPOS="1438" VPOS="2872" WIDTH="132" HEIGHT="40" CONTENT="paper" />
            <SP ID="SP_16940" HPOS="1570" VPOS="2872" WIDTH="29" HEIGHT="0" />
            <String ID="Word_18873" HPOS="1599" VPOS="2872" WIDTH="56" HEIGHT="28" CONTENT="on" />
            <SP ID="SP_16941" HPOS="1655" VPOS="2859" WIDTH="32" HEIGHT="0" />
            <String ID="Word_18874" HPOS="1687" VPOS="2859" WIDTH="72" HEIGHT="41" CONTENT="the" />
            <SP ID="SP_16942" HPOS="1759" VPOS="2859" WIDTH="32" HEIGHT="0" />
            <String ID="Word_18875" HPOS="1791" VPOS="2859" WIDTH="165" HEIGHT="54" CONTENT="subject" />
          </TextLine>
          <TextLine ID="TextLine_1934" HPOS="343" VPOS="2926" WIDTH="1611" HEIGHT="57">
            <String ID="Word_18876" HPOS="343" VPOS="2937" WIDTH="98" HEIGHT="38" CONTENT="that" />
            <SP ID="SP_16943" HPOS="441" VPOS="2929" WIDTH="20" HEIGHT="0" />
            <String ID="Word_18877" HPOS="461" VPOS="2929" WIDTH="213" HEIGHT="45" CONTENT="attracted" />
            <SP ID="SP_16944" HPOS="674" VPOS="2928" WIDTH="24" HEIGHT="0" />
            <String ID="Word_18878" HPOS="698" VPOS="2928" WIDTH="127" HEIGHT="42" CONTENT="much" />
            <SP ID="SP_16945" HPOS="825" VPOS="2928" WIDTH="23" HEIGHT="0" />
            <String ID="Word_18879" HPOS="848" VPOS="2928" WIDTH="225" HEIGHT="42" CONTENT="attention." />
            <SP ID="SP_16946" HPOS="1073" VPOS="2928" WIDTH="21" HEIGHT="0" />
            <String ID="Word_18880" HPOS="1136" VPOS="2929" WIDTH="52" HEIGHT="41" CONTENT="In" />
            <SP ID="SP_16947" HPOS="1188" VPOS="2928" WIDTH="37" HEIGHT="0" />
            <String ID="Word_18881" HPOS="1225" VPOS="2928" WIDTH="123" HEIGHT="42" CONTENT="1886," />
            <SP ID="SP_16948" HPOS="1348" VPOS="2928" WIDTH="23" HEIGHT="0" />
            <String ID="Word_18882" HPOS="1371" VPOS="2928" WIDTH="217" HEIGHT="42" CONTENT="Professor" />
            <SP ID="SP_16949" HPOS="1588" VPOS="2926" WIDTH="26" HEIGHT="0" />
            <String ID="Word_18883" HPOS="1614" VPOS="2926" WIDTH="186" HEIGHT="44" CONTENT="Charcot" />
            <SP ID="SP_16950" HPOS="1800" VPOS="2926" WIDTH="22" HEIGHT="0" />
            <String ID="Word_18884" HPOS="1822" VPOS="2929" WIDTH="132" HEIGHT="54" CONTENT="began" />
          </TextLine>
        </TextBlock>
        <TextBlock ID="TextBlock_245" HPOS="480" VPOS="3065" WIDTH="1316" HEIGHT="61">
          <TextLine ID="TextLine_1935" HPOS="487" VPOS="3071" WIDTH="1303" HEIGHT="49">
            <String ID="Word_18885" HPOS="487" VPOS="3077" WIDTH="11" HEIGHT="22" CONTENT="1" />
            <SP ID="SP_16951" HPOS="498" VPOS="3074" WIDTH="28" HEIGHT="0" />
            <String ID="Word_18886" HPOS="526" VPOS="3074" WIDTH="232" HEIGHT="37" CONTENT="Kussmaul's" />
            <SP ID="SP_16952" HPOS="758" VPOS="3073" WIDTH="17" HEIGHT="0" />
            <String ID="Word_18887" HPOS="775" VPOS="3073" WIDTH="127" HEIGHT="37" CONTENT="article" />
            <SP ID="SP_16953" HPOS="902" VPOS="3073" WIDTH="18" HEIGHT="0" />
            <String ID="Word_18888" HPOS="920" VPOS="3085" WIDTH="47" HEIGHT="23" CONTENT="on" />
            <SP ID="SP_16954" HPOS="967" VPOS="3071" WIDTH="19" HEIGHT="0" />
            <String ID="Word_18889" HPOS="986" VPOS="3071" WIDTH="151" HEIGHT="49" CONTENT="Speech," />
            <SP ID="SP_16955" HPOS="1137" VPOS="3071" WIDTH="19" HEIGHT="0" />
            <String ID="Word_18890" HPOS="1156" VPOS="3072" WIDTH="216" HEIGHT="36" CONTENT="Ziemssen's" />
            <SP ID="SP_16956" HPOS="1372" VPOS="3071" WIDTH="20" HEIGHT="0" />
            <String ID="Word_18891" HPOS="1392" VPOS="3071" WIDTH="214" HEIGHT="47" CONTENT="Cyclopedia," />
            <SP ID="SP_16957" HPOS="1606" VPOS="3071" WIDTH="18" HEIGHT="0" />
            <String ID="Word_18892" HPOS="1624" VPOS="3071" WIDTH="71" HEIGHT="36" CONTENT="vol." />
            <SP ID="SP_16958" HPOS="1695" VPOS="3071" WIDTH="21" HEIGHT="0" />
            <String ID="Word_18893" HPOS="1716" VPOS="3071" WIDTH="74" HEIGHT="37" CONTENT="xiv." />
          </TextLine>
        </TextBlock>
      </PrintSpace>
    </Page>
  </Layout>
</alto>
