2107 3450
782 278 224 33 MULTIPLE
1038 282 245 35 SCLEROSIS.

1776 283 84 41 461

212 391 151 38 Several
383 392 110 36 times
512 391 41 36 of
568 391 86 45 late,
673 391 47 37 he
746 391 77 38 had
848 394 226 37 micturated
1102 397 38 36 in
1172 398 83 37 bed.
1308 400 55 37 As
1392 407 103 42 great
1525 403 86 37 heat
1642 411 224 45 completely

211 449 260 48 overpowered
490 448 93 46 him,
602 448 66 37 she
686 448 124 37 feared
829 451 115 36 much
963 451 83 37 that
1064 452 47 38 he
1130 455 127 36 would
1274 461 68 31 not
1360 458 151 37 survive
1536 459 65 37 the
1627 460 86 38 heat
1739 463 40 36 of
1802 464 64 37 the

210 507 255 47 approaching
482 518 177 25 summer.

262 563 139 37 October
432 563 101 43 19th,
565 563 212 36 1893.—At
805 564 77 36 this
910 565 96 46 date,
1037 566 64 37 the
1129 569 147 46 patient
1304 582 86 34 was,
1422 571 56 36 for
1505 572 65 37 the
1598 576 135 36 second
1762 578 105 46 time,

211 619 180 40 admitted
417 623 77 33 int.>
514 622 114 34 Ward
651 621 40 37 31
715 633 38 25 as
779 632 46 26 an
855 621 214 50 in-patient.
1124 624 72 37 His
1226 626 88 36 wife
1345 628 121 36 stated
1496 629 84 36 that
1610 635 74 32 two
1715 635 153 36 months

211 678 124 37 before
354 678 64 37 the
436 678 85 36 date
540 678 40 36 of
595 678 59 36 his
672 678 207 37 admission
898 678 46 37 he
961 679 88 46 had,
1063 693 70 24 one
1147 682 85 48 day,
1244 694 22 24 a
1284 684 141 36 seizure
1441 684 40 37 of
1495 697 101 25 some
1610 687 105 46 kind,
1730 690 137 48 during

212 735 121 36 which
354 736 57 34 his
430 735 96 37 head
543 735 69 37 fell
630 748 88 24 over
735 739 38 32 to
793 748 69 23 one
883 735 88 38 side.
1015 737 37 36 It
1071 750 74 24 was
1163 739 96 36 after
1275 740 77 36 this
1366 742 151 37 seizure,
1531 756 48 23 on
1593 744 64 36 the
1672 757 99 26 same
1783 747 84 47 day,

212 792 80 38 that
310 793 64 36 the
393 798 59 31 act
471 793 40 36 of
526 793 232 47 swallowing
778 806 73 23 was
870 794 80 36 first
969 794 180 38 observed
1166 800 39 32 to
1224 797 46 36 be
1289 798 170 37 difficult.
1513 802 36 34 A
1576 803 136 36 second
1730 804 139 37 seizure

210 850 75 37 had
304 851 176 36 occurred
498 863 21 24 a
536 850 73 37 few
627 851 92 48 days
739 851 123 35 before
883 851 58 35 his
959 853 217 36 admission.
1233 855 48 35 In
1306 855 65 36 the
1396 857 186 48 morning,
1601 858 48 38 he
1674 859 75 37 had
1774 861 96 37 been

212 909 113 36 taken
345 913 66 32 out
428 909 40 36 in
487 909 59 36 his
564 908 92 37 bath
676 908 103 37 chair
804 912 39 33 to
870 909 70 36 sell
966 909 117 37 books
1109 911 41 35 in
1177 911 64 37 the
1268 916 112 33 street
1406 926 39 24 as
1471 916 108 35 usual
1598 929 9 31 ;
1643 916 68 38 but
1737 918 40 35 in
1805 919 64 37 the

209 966 197 37 afternoon
424 966 47 36 he
489 966 75 36 had
582 966 95 36 been
696 966 121 37 seized
835 966 94 36 with
947 979 48 24 an
1014 968 127 36 attack
1160 968 41 37 of
1222 970 201 47 giddiness.
1475 972 112 37 After
1613 974 76 37 this
1717 976 151 46 seizure,

209 1024 48 37 he
286 1024 77 37 had
388 1023 200 50 gradually
614 1024 73 36 lost
718 1023 65 37 the
813 1036 127 35 power
970 1024 40 36 of
1038 1026 234 49 swallowing
1289 1041 8 30 ;
1332 1028 75 36 and
1432 1028 58 37 for
1519 1034 74 33 two
1624 1031 91 48 days
1745 1033 123 38 before

209 1082 205 36 admission
432 1081 48 36 he
498 1081 76 36 had
591 1085 67 32 not
674 1081 95 37 been
788 1081 84 37 able
890 1086 39 32 to
948 1083 168 36 swallow
1134 1084 196 49 anything.
1385 1086 150 49 During
1551 1088 104 36 these
1673 1094 74 31 two
1766 1091 102 47 days,

209 1140 49 36 he
275 1140 76 37 had
369 1140 94 36 been
482 1140 180 48 sweating
679 1152 21 23 a
718 1143 104 45 great
839 1139 95 47 deal,
954 1141 75 35 and
1048 1142 153 47 passing
1217 1141 60 37 his
1294 1143 111 37 urine
1422 1144 277 50 involuntarily
1717 1148 41 35 in
1774 1148 83 36 bed.

260 1198 55 37 On
333 1199 208 44 admission,
561 1197 65 37 the
643 1198 148 48 patient
809 1210 74 24 was
901 1198 42 36 in
970 1211 22 23 a
1017 1198 165 49 helpless
1210 1201 203 37 condition.
1467 1203 60 36 He
1558 1216 75 24 was
1664 1204 203 48 extremely

209 1256 215 46 emaciated,
438 1256 74 35 and
530 1255 76 36 had
624 1268 21 23 a
664 1255 170 36 bed-sore
853 1268 89 24 over
959 1256 66 36 the
1039 1257 145 36 middle
1199 1257 40 36 of
1254 1258 64 36 the
1332 1271 157 24 sacrum.
1530 1260 61 37 He
1606 1274 74 24 was
1695 1262 172 46 feverish,

207 1314 65 36 the
290 1318 251 43 temperature
559 1313 114 48 being
696 1314 82 35 102°
796 1314 41 35 F.
892 1313 74 36 His
984 1313 77 49 legs
1080 1327 97 23 were
1196 1315 131 37 drawn
1344 1328 64 36 up,
1427 1317 93 36 both
1546 1318 112 36 knee-
1685 1319 74 36 and
1785 1319 83 49 hip-

202 1372 119 48 joints
339 1372 114 48 being
471 1371 170 49 strongly
658 1371 131 36 flexed.
844 1371 73 37 His
936 1384 99 23 arms
1054 1384 96 25 were
1178 1373 232 37 semi-flexed
1437 1378 38 32 at
1500 1374 64 37 the
1592 1376 251 49 elbow-joints
1860 1390 9 31 ;

207 1429 76 36 and
300 1429 61 36 his
378 1429 136 48 fingers
535 1441 98 25 were
658 1429 78 36 also
762 1429 134 45 flexed,
915 1428 66 37 the
1007 1428 122 37 hands
1156 1430 114 48 being
1297 1431 136 36 almost
1462 1432 191 37 clenched.
1707 1434 60 35 He
1794 1446 76 24 was

208 1491 105 44 quite
330 1487 140 37 unable
488 1491 39 32 to
546 1486 166 37 swallow
728 1501 9 30 ;
764 1487 75 36 and
859 1500 48 23 on
927 1487 65 36 the
1013 1487 73 47 day
1105 1487 41 36 of
1170 1488 205 36 admission
1401 1502 75 23 was
1503 1502 38 24 so
1568 1491 106 35 weak
1705 1490 83 37 that
1815 1503 55 24 we

207 1545 164 36 thought
389 1545 82 35 him
489 1545 128 48 dying.
662 1545 78 35 But
753 1544 48 37 he
815 1545 135 36 rallied
966 1545 261 48 considerably
1240 1558 49 24 on
1301 1546 113 49 being
1432 1546 61 37 fed
1505 1547 94 36 with
1611 1549 63 34 the
1687 1548 183 36 stomach-

208 1603 109 43 tube;
340 1603 76 36 and
434 1602 48 36 he
500 1602 204 37 continued
723 1603 40 35 in
782 1602 77 45 life,
879 1602 146 49 though
1042 1603 207 48 extremely
1267 1603 132 45 feeble,
1418 1604 58 37 for
1496 1605 114 36 about
1627 1605 74 37 five
1719 1606 152 36 months

207 1661 96 36 after
319 1661 217 36 admission.
579 1660 249 48 Throughout
842 1660 65 36 the
921 1661 124 36 whole
1060 1660 40 37 of
1111 1661 76 36 this
1202 1662 140 47 period,
1355 1662 48 36 he
1417 1675 74 23 was
1505 1662 61 37 fed
1578 1663 293 48 systematically

209 1719 94 36 with
321 1719 66 36 the
413 1718 289 37 stomach-tube.
756 1718 163 49 Though
945 1718 49 36 he
1021 1731 86 24 was,
1128 1732 49 23 on
1203 1719 216 37 admission,
1438 1724 39 32 at
1505 1733 90 24 once
1622 1724 71 45 put
1719 1733 104 36 upon
1850 1733 22 24 a

207 1777 216 37 water-bed,
442 1777 76 36 and
535 1789 76 24 was
628 1775 236 38 throughout
881 1777 140 36 nursed
1039 1776 95 37 wdth
1152 1776 66 37 the
1243 1782 161 44 greatest
1430 1790 81 24 care
1536 1778 76 36 and
1637 1779 235 35 attention—

209 1848 114 24 every
341 1836 108 36 effort
466 1835 115 36 being
598 1834 110 37 made
727 1838 38 33 to
784 1838 146 45 protect
955 1834 60 36 his
1042 1834 182 46 skin,—it
1249 1848 76 24 was
1352 1839 64 44 yet
1441 1836 120 36 found
1589 1836 217 48 impossible
1833 1839 38 32 to

207 1898 160 45 prevent
383 1893 66 36 the
466 1893 269 36 development
753 1892 40 37 of
808 1892 143 37 several
965 1892 108 37 other
1090 1893 201 36 bed-sores.
1333 1894 75 35 For
1423 1906 101 24 some
1538 1894 123 36 weeks
1674 1893 125 36 before
1813 1893 59 36 his

209 1952 125 37 death,
353 1951 106 36 there
477 1964 76 23 was
570 1951 137 36 almost
725 1951 94 36 total
837 1950 184 48 paralysis
1041 1951 40 35 of
1095 1955 218 32 movement
1331 1951 41 36 in
1390 1951 93 36 both
1500 1951 115 37 lower
1633 1952 239 45 extremities,

209 2010 75 36 and
302 2010 41 36 of
357 2009 66 36 the
440 2009 70 37 left
525 2021 120 36 upper
659 2009 213 36 extremity.
917 2009 47 35 In
976 2008 65 37 the
1055 2008 103 49 right
1171 2021 122 36 upper
1306 2009 211 48 extremity,
1531 2009 105 36 there
1649 2021 75 24 was
1738 2021 21 24 a
1772 2008 101 37 little

208 2080 103 24 more
328 2080 127 35 power
472 2066 41 37 of
526 2070 217 33 movement
760 2066 95 37 than
872 2066 43 37 in
941 2066 65 37 the
1032 2067 79 36 left.
1162 2067 153 36 Besides
1341 2067 64 36 the
1432 2067 141 36 flexure
1603 2066 40 37 of
1666 2066 65 37 the
1758 2066 114 36 limbs

209 2126 153 48 already
380 2125 126 37 noted,
525 2125 107 36 there
649 2137 76 24 was
742 2124 158 37 marked
919 2125 156 36 arching
1102 2125 40 35 of
1166 2124 65 36 the
1258 2124 105 37 back,
1392 2124 94 37 with
1512 2125 202 36 retraction
1741 2124 40 37 of
1807 2125 65 36 the

207 2183 108 37 head.
361 2183 81 37 The
460 2182 134 37 mouth
613 2195 75 24 was
706 2183 92 48 kept
816 2182 217 49 habitually
1048 2195 108 36 open,
1170 2183 126 48 owing
1309 2187 39 32 to
1363 2182 65 37 the
1446 2182 190 37 flaccidity
1650 2182 41 36 of
1705 2182 64 36 the
1786 2182 85 45 lips,

210 2241 123 36 whose
366 2245 123 33 motor
522 2253 127 36 power
690 2253 76 24 was
801 2240 195 36 evidently
1031 2240 117 36 much
1181 2240 197 48 impaired,
1414 2240 146 36 though
1602 2244 67 32 not
1711 2240 162 47 entirely

207 2298 211 49 paralyzed.
472 2299 219 36 Movement
713 2298 41 37 of
776 2297 65 38 the
867 2302 142 33 tongue
1037 2310 75 24 was
1140 2298 78 36 also
1247 2298 144 47 greatly
1420 2297 195 48 impaired,
1635 2296 65 37 the
1727 2297 146 48 patient

210 2357 113 48 being
340 2357 84 37 able
442 2362 39 31 to
499 2357 180 48 protrude
698 2356 64 36 the
783 2361 108 43 point
910 2356 91 37 only
1019 2356 117 37 about
1153 2356 221 37 one-eighth
1393 2355 40 36 of
1455 2367 49 24 an
1522 2354 90 37 inch
1638 2354 150 49 beyond
1807 2354 65 37 the

209 2417 166 35 margins
393 2415 40 37 of
448 2416 65 36 the
530 2415 115 36 teeth.
691 2414 122 37 There
831 2426 75 25 was
925 2413 257 38 considerable
1201 2415 159 36 wasting
1379 2413 40 36 of
1442 2413 49 36 its
1510 2413 206 45 substance,
1736 2413 71 35 but
1823 2412 49 36 its

209 2474 144 37 surface
371 2486 74 24 was
463 2479 67 31 not
548 2473 200 36 wrinkled,
760 2473 75 36 and
854 2472 107 37 there
978 2484 98 25 were
1093 2484 49 23 no
1158 2471 160 36 fibrillar
1335 2475 244 32 movements.
1626 2469 248 49 Throughout

209 2532 65 37 the
290 2531 130 50 period
439 2532 40 36 of
495 2531 64 37 the
577 2530 175 50 patient's
770 2534 83 33 stay
867 2531 42 36 in
927 2530 177 49 hospital,
1124 2530 105 36 there
1247 2542 76 24 was
1340 2528 248 48 involuntary
1603 2528 219 37 evacuation
1837 2527 41 36 of

210 2589 91 37 both
320 2590 159 36 bladder
496 2590 74 36 and
589 2601 156 25 rectum.

259 2647 47 36 In
325 2647 64 37 the
407 2652 81 32 text
506 2647 40 37 of
561 2647 76 37 this
653 2647 105 37 work
777 2648 18 35 I
814 2647 97 37 have
928 2659 156 24 already
1102 2645 194 38 described
1314 2644 65 37 the
1405 2644 133 49 speech
1566 2643 40 37 of
1628 2643 76 37 this
1729 2643 146 49 patient

208 2718 40 24 as
274 2706 31 35 it
330 2718 76 24 was
431 2706 139 36 during
597 2705 76 37 this
700 2706 137 36 second
866 2705 131 48 period
1025 2705 40 36 of
1088 2704 189 36 residence
1308 2704 41 35 in
1385 2702 63 37 the
1485 2702 212 47 Infirmary.
1751 2700 123 37 When

209 2762 49 37 he
276 2763 98 37 tried
391 2767 40 33 to
461 2764 126 48 speak,
607 2764 48 37 he
685 2764 191 48 produced
907 2763 92 36 only
1018 2776 21 23 a
1066 2774 250 24 monotonous
1347 2760 107 37 vocal
1484 2760 129 45 drawl,
1645 2758 123 37 which
1800 2771 74 23 was

208 2833 40 25 so
267 2821 238 37 inarticulate
533 2821 84 37 that
647 2821 109 37 when
789 2821 48 36 he
867 2821 98 36 tried
996 2825 39 32 to
1065 2832 67 37 say
1161 2819 127 48 "good
1319 2818 203 46 morning"
1555 2817 91 48 only
1664 2816 211 48 something

209 2879 41 36 of
264 2879 65 36 the
350 2879 39 36 M
409 2879 74 37 and
509 2879 50 46 N,
578 2879 75 37 and
680 2879 216 37 something
922 2878 41 38 of
988 2878 65 37 the
1072 2888 290 26 vowel-sounds,
1383 2875 112 37 could
1522 2875 47 37 be
1598 2873 276 50 distinguished

208 2937 40 36 in
268 2937 40 36 it.

259 2994 82 37 The
371 2995 147 48 patient
547 2994 75 38 lost
648 2994 170 49 strength
845 3006 91 36 very
954 2993 211 49 gradually,
1184 2993 76 36 and
1290 2991 97 45 died,
1409 2989 230 48 eventually,
1658 2989 52 48 by
1739 2987 135 49 simple

210 3052 181 37 asthenia,
412 3065 49 24 on
478 3053 66 36 the
563 3056 83 33 31st
664 3052 41 36 of
721 3051 143 38 March,
886 3054 104 33 1894.
1045 3051 58 36 On
1132 3050 65 37 the
1223 3049 196 45 following
1445 3048 82 47 day,
1548 3060 45 23 an
1622 3051 158 43 autopsy
1799 3058 74 24 was

210 3111 109 37 made
337 3111 51 36 by
408 3112 55 35 Dr
481 3111 114 47 Muir,
617 3110 233 36 Pathologist
869 3114 37 31 to
926 3109 64 36 the
1010 3108 121 48 Royal
1150 3108 213 46 Infirmary,
1384 3105 82 37 who
1493 3104 119 37 found
1639 3104 64 36 the
1730 3115 80 25 case
1836 3106 39 33 to
