<?xml version="1.0" encoding="UTF-8"?>
<alto xmlns="http://www.loc.gov/standards/alto/ns-v2#" xmlns:xsi="http://www.w3.org/2001/XMLSchema-instance" xsi:schemaLocation="http://www.loc.gov/standards/alto/ns-v2# http://www.loc.gov/standards/alto/alto.xsd">
  <Description>
    <MeasurementUnit>pixel</MeasurementUnit>
    <sourceImageInformation>
      <fileName>b22031261_abbyy.xml</fileName>
    </sourceImageInformation>
    <OCRProcessing ID="OCR_1">
      <preProcessingStep>
        <processingDateTime>2016-02-11T05:40:32</processingDateTime>
        <processingAgency>intranda GmbH, www.intranda.com</processingAgency>
        <processingSoftware>
          <softwareCreator>intranda GmbH, Germany</softwareCreator>
          <softwareName>intranda OCR Module for TaskManager</softwareName>
          <softwareVersion>1.0r42</softwareVersion>
        </processingSoftware>
      </preProcessingStep>
      <ocrProcessingStep>
        <processingSoftware>
          <softwareCreator>ABBYY (BIT Software), Russia</softwareCreator>
          <softwareName>FineReader Engine</softwareName>
          <softwareVersion>10</softwareVersion>
        </processingSoftware>
      </ocrProcessingStep>
    </OCRProcessing>
  </Description>
  <Layout>
    <Page PHYSICAL_IMG_NR="52" ID="PAGE_52" WIDTH="1895" HEIGHT="3217">
      <TopMargin ID="TopMargin_37" HPOS="338" VPOS="285" WIDTH="799" HEIGHT="47">
        <TextBlock ID="TextBlock_1160" HPOS="338" VPOS="285" WIDTH="799" HEIGHT="47">
          <TextLine ID="TextLine_1233" HPOS="338" VPOS="285" WIDTH="59" HEIGHT="39">
            <String CONTENT="42" ID="Word_9346" HPOS="338" VPOS="285" WIDTH="59" HEIGHT="39" />
          </TextLine>
          <TextLine ID="TextLine_1234" HPOS="901" VPOS="300" WIDTH="236" HEIGHT="32">
            <String CONTENT="MONKEYS." ID="Word_9347" HPOS="901" VPOS="300" WIDTH="236" HEIGHT="32" />
          </TextLine>
        </TextBlock>
      </TopMargin>
      <PrintSpace ID="PrintSpace_53" HPOS="316" VPOS="423" WIDTH="1382" HEIGHT="2190">
        <TextBlock ID="TextBlock_165" HPOS="335" VPOS="423" WIDTH="1363" HEIGHT="1055">
          <TextLine ID="TextLine_1235" HPOS="340" VPOS="423" WIDTH="1358" HEIGHT="65">
            <String CONTENT="and" ID="Word_9348" HPOS="340" VPOS="423" WIDTH="90" HEIGHT="47" />
            <SP ID="SP_8118" HPOS="431" VPOS="423" WIDTH="27" HEIGHT="0" />
            <String CONTENT="almost" ID="Word_9349" HPOS="459" VPOS="424" WIDTH="163" HEIGHT="46" />
            <SP ID="SP_8119" HPOS="623" VPOS="431" WIDTH="28" HEIGHT="0" />
            <String CONTENT="prevents" ID="Word_9350" HPOS="652" VPOS="433" WIDTH="209" HEIGHT="53" />
            <SP ID="SP_8120" HPOS="862" VPOS="432" WIDTH="27" HEIGHT="0" />
            <String CONTENT="the" ID="Word_9351" HPOS="890" VPOS="432" WIDTH="79" HEIGHT="38" />
            <SP ID="SP_8121" HPOS="970" VPOS="441" WIDTH="31" HEIGHT="0" />
            <String CONTENT="perfect" ID="Word_9352" HPOS="1002" VPOS="423" WIDTH="165" HEIGHT="62" />
            <SP ID="SP_8122" HPOS="1168" VPOS="430" WIDTH="27" HEIGHT="0" />
            <String CONTENT="extension" ID="Word_9353" HPOS="1196" VPOS="430" WIDTH="234" HEIGHT="41" />
            <SP ID="SP_8123" HPOS="1431" VPOS="440" WIDTH="21" HEIGHT="0" />
            <String CONTENT="of" ID="Word_9354" HPOS="1453" VPOS="424" WIDTH="51" HEIGHT="48" />
            <SP ID="SP_8124" HPOS="1505" VPOS="424" WIDTH="21" HEIGHT="0" />
            <String CONTENT="the" ID="Word_9355" HPOS="1527" VPOS="425" WIDTH="79" HEIGHT="46" />
            <SP ID="SP_8125" HPOS="1607" VPOS="426" WIDTH="19" HEIGHT="0" />
            <String CONTENT="leg" ID="Word_9356" HPOS="1627" VPOS="426" WIDTH="71" HEIGHT="62" />
          </TextLine>
          <TextLine ID="TextLine_1236" HPOS="342" VPOS="499" WIDTH="1356" HEIGHT="49">
            <String CONTENT="on" ID="Word_9357" HPOS="342" VPOS="517" WIDTH="55" HEIGHT="29" />
            <SP ID="SP_8126" HPOS="398" VPOS="507" WIDTH="21" HEIGHT="0" />
            <String CONTENT="the" ID="Word_9358" HPOS="420" VPOS="507" WIDTH="78" HEIGHT="39" />
            <SP ID="SP_8127" HPOS="499" VPOS="508" WIDTH="21" HEIGHT="0" />
            <String CONTENT="thigh.*" ID="Word_9359" HPOS="521" VPOS="501" WIDTH="172" HEIGHT="45" />
            <SP ID="SP_8128" HPOS="694" VPOS="501" WIDTH="103" HEIGHT="0" />
            <String CONTENT="The" ID="Word_9360" HPOS="798" VPOS="502" WIDTH="96" HEIGHT="43" />
            <SP ID="SP_8129" HPOS="895" VPOS="516" WIDTH="20" HEIGHT="0" />
            <String CONTENT="motion" ID="Word_9361" HPOS="916" VPOS="508" WIDTH="171" HEIGHT="38" />
            <SP ID="SP_8130" HPOS="1088" VPOS="516" WIDTH="21" HEIGHT="0" />
            <String CONTENT="of" ID="Word_9362" HPOS="1110" VPOS="499" WIDTH="50" HEIGHT="47" />
            <SP ID="SP_8131" HPOS="1161" VPOS="499" WIDTH="13" HEIGHT="0" />
            <String CONTENT="the" ID="Word_9363" HPOS="1175" VPOS="501" WIDTH="78" HEIGHT="45" />
            <SP ID="SP_8132" HPOS="1254" VPOS="502" WIDTH="19" HEIGHT="0" />
            <String CONTENT="knee-joint" ID="Word_9364" HPOS="1274" VPOS="501" WIDTH="252" HEIGHT="46" />
            <SP ID="SP_8133" HPOS="1527" VPOS="502" WIDTH="21" HEIGHT="0" />
            <String CONTENT="in" ID="Word_9365" HPOS="1549" VPOS="502" WIDTH="48" HEIGHT="45" />
            <SP ID="SP_8134" HPOS="1598" VPOS="509" WIDTH="20" HEIGHT="0" />
            <String CONTENT="the" ID="Word_9366" HPOS="1619" VPOS="502" WIDTH="79" HEIGHT="46" />
          </TextLine>
          <TextLine ID="TextLine_1237" HPOS="340" VPOS="576" WIDTH="1358" HEIGHT="62">
            <String CONTENT="black" ID="Word_9367" HPOS="340" VPOS="578" WIDTH="128" HEIGHT="44" />
            <SP ID="SP_8135" HPOS="469" VPOS="578" WIDTH="22" HEIGHT="0" />
            <String CONTENT="orang" ID="Word_9368" HPOS="492" VPOS="593" WIDTH="133" HEIGHT="45" />
            <SP ID="SP_8136" HPOS="626" VPOS="593" WIDTH="21" HEIGHT="0" />
            <String CONTENT="was" ID="Word_9369" HPOS="648" VPOS="593" WIDTH="92" HEIGHT="29" />
            <SP ID="SP_8137" HPOS="741" VPOS="576" WIDTH="22" HEIGHT="0" />
            <String CONTENT="free" ID="Word_9370" HPOS="764" VPOS="576" WIDTH="90" HEIGHT="46" />
            <SP ID="SP_8138" HPOS="855" VPOS="578" WIDTH="20" HEIGHT="0" />
            <String CONTENT="backwards," ID="Word_9371" HPOS="876" VPOS="578" WIDTH="277" HEIGHT="54" />
            <SP ID="SP_8139" HPOS="1154" VPOS="578" WIDTH="23" HEIGHT="0" />
            <String CONTENT="but" ID="Word_9372" HPOS="1178" VPOS="578" WIDTH="83" HEIGHT="45" />
            <SP ID="SP_8140" HPOS="1262" VPOS="583" WIDTH="30" HEIGHT="0" />
            <String CONTENT="the" ID="Word_9373" HPOS="1293" VPOS="584" WIDTH="79" HEIGHT="39" />
            <SP ID="SP_8141" HPOS="1373" VPOS="593" WIDTH="28" HEIGHT="0" />
            <String CONTENT="animal" ID="Word_9374" HPOS="1402" VPOS="577" WIDTH="170" HEIGHT="46" />
            <SP ID="SP_8142" HPOS="1573" VPOS="578" WIDTH="21" HEIGHT="0" />
            <String CONTENT="does" ID="Word_9375" HPOS="1595" VPOS="579" WIDTH="103" HEIGHT="45" />
          </TextLine>
          <TextLine ID="TextLine_1238" HPOS="339" VPOS="653" WIDTH="1359" HEIGHT="62">
            <String CONTENT="not" ID="Word_9376" HPOS="339" VPOS="661" WIDTH="78" HEIGHT="38" />
            <SP ID="SP_8143" HPOS="418" VPOS="661" WIDTH="17" HEIGHT="0" />
            <String CONTENT="seem" ID="Word_9377" HPOS="436" VPOS="670" WIDTH="119" HEIGHT="29" />
            <SP ID="SP_8144" HPOS="556" VPOS="669" WIDTH="14" HEIGHT="0" />
            <String CONTENT="capable" ID="Word_9378" HPOS="571" VPOS="655" WIDTH="179" HEIGHT="43" />
            <SP ID="SP_8145" HPOS="751" VPOS="669" WIDTH="14" HEIGHT="0" />
            <String CONTENT="of" ID="Word_9379" HPOS="766" VPOS="653" WIDTH="49" HEIGHT="45" />
            <SP ID="SP_8146" HPOS="816" VPOS="653" WIDTH="12" HEIGHT="0" />
            <String CONTENT="perfect" ID="Word_9380" HPOS="829" VPOS="653" WIDTH="164" HEIGHT="61" />
            <SP ID="SP_8147" HPOS="994" VPOS="659" WIDTH="15" HEIGHT="0" />
            <String CONTENT="extension" ID="Word_9381" HPOS="1010" VPOS="659" WIDTH="233" HEIGHT="40" />
            <SP ID="SP_8148" HPOS="1244" VPOS="669" WIDTH="17" HEIGHT="0" />
            <String CONTENT="of" ID="Word_9382" HPOS="1262" VPOS="653" WIDTH="49" HEIGHT="46" />
            <SP ID="SP_8149" HPOS="1312" VPOS="653" WIDTH="12" HEIGHT="0" />
            <String CONTENT="this" ID="Word_9383" HPOS="1325" VPOS="654" WIDTH="91" HEIGHT="45" />
            <SP ID="SP_8150" HPOS="1417" VPOS="654" WIDTH="14" HEIGHT="0" />
            <String CONTENT="joint," ID="Word_9384" HPOS="1432" VPOS="654" WIDTH="134" HEIGHT="61" />
            <SP ID="SP_8151" HPOS="1567" VPOS="653" WIDTH="17" HEIGHT="0" />
            <String CONTENT="from" ID="Word_9385" HPOS="1585" VPOS="653" WIDTH="113" HEIGHT="47" />
          </TextLine>
          <TextLine ID="TextLine_1239" HPOS="338" VPOS="729" WIDTH="1360" HEIGHT="61">
            <String CONTENT="the" ID="Word_9386" HPOS="338" VPOS="737" WIDTH="78" HEIGHT="38" />
            <SP ID="SP_8152" HPOS="417" VPOS="746" WIDTH="22" HEIGHT="0" />
            <String CONTENT="contraction" ID="Word_9387" HPOS="440" VPOS="745" WIDTH="271" HEIGHT="30" />
            <SP ID="SP_8153" HPOS="712" VPOS="745" WIDTH="18" HEIGHT="0" />
            <String CONTENT="of" ID="Word_9388" HPOS="731" VPOS="729" WIDTH="48" HEIGHT="46" />
            <SP ID="SP_8154" HPOS="780" VPOS="729" WIDTH="15" HEIGHT="0" />
            <String CONTENT="the" ID="Word_9389" HPOS="796" VPOS="737" WIDTH="76" HEIGHT="37" />
            <SP ID="SP_8155" HPOS="873" VPOS="745" WIDTH="21" HEIGHT="0" />
            <String CONTENT="posterior" ID="Word_9390" HPOS="895" VPOS="736" WIDTH="213" HEIGHT="54" />
            <SP ID="SP_8156" HPOS="1109" VPOS="746" WIDTH="19" HEIGHT="0" />
            <String CONTENT="muscles" ID="Word_9391" HPOS="1129" VPOS="730" WIDTH="191" HEIGHT="45" />
            <SP ID="SP_8157" HPOS="1321" VPOS="746" WIDTH="17" HEIGHT="0" />
            <String CONTENT="of" ID="Word_9392" HPOS="1339" VPOS="729" WIDTH="49" HEIGHT="46" />
            <SP ID="SP_8158" HPOS="1389" VPOS="729" WIDTH="13" HEIGHT="0" />
            <String CONTENT="the" ID="Word_9393" HPOS="1403" VPOS="731" WIDTH="78" HEIGHT="45" />
            <SP ID="SP_8159" HPOS="1482" VPOS="730" WIDTH="20" HEIGHT="0" />
            <String CONTENT="limb.”" ID="Word_9394" HPOS="1503" VPOS="730" WIDTH="154" HEIGHT="46" />
            <SP ID="SP_8160" HPOS="1658" VPOS="729" WIDTH="8" HEIGHT="0" />
            <String CONTENT="f" ID="Word_9395" HPOS="1667" VPOS="729" WIDTH="31" HEIGHT="48" />
          </TextLine>
          <TextLine ID="TextLine_1240" HPOS="404" VPOS="806" WIDTH="1292" HEIGHT="61">
            <String CONTENT="Continuing" ID="Word_9396" HPOS="404" VPOS="806" WIDTH="276" HEIGHT="61" />
            <SP ID="SP_8161" HPOS="681" VPOS="813" WIDTH="20" HEIGHT="0" />
            <String CONTENT="the" ID="Word_9397" HPOS="702" VPOS="813" WIDTH="77" HEIGHT="38" />
            <SP ID="SP_8162" HPOS="780" VPOS="822" WIDTH="17" HEIGHT="0" />
            <String CONTENT="organization" ID="Word_9398" HPOS="798" VPOS="806" WIDTH="303" HEIGHT="46" />
            <SP ID="SP_8163" HPOS="1102" VPOS="822" WIDTH="18" HEIGHT="0" />
            <String CONTENT="of" ID="Word_9399" HPOS="1121" VPOS="806" WIDTH="50" HEIGHT="46" />
            <SP ID="SP_8164" HPOS="1172" VPOS="806" WIDTH="12" HEIGHT="0" />
            <String CONTENT="the" ID="Word_9400" HPOS="1185" VPOS="807" WIDTH="78" HEIGHT="44" />
            <SP ID="SP_8165" HPOS="1264" VPOS="807" WIDTH="15" HEIGHT="0" />
            <String CONTENT="lower" ID="Word_9401" HPOS="1280" VPOS="807" WIDTH="138" HEIGHT="44" />
            <SP ID="SP_8166" HPOS="1419" VPOS="822" WIDTH="16" HEIGHT="0" />
            <String CONTENT="extremity," ID="Word_9402" HPOS="1436" VPOS="812" WIDTH="260" HEIGHT="49" />
          </TextLine>
          <TextLine ID="TextLine_1241" HPOS="340" VPOS="883" WIDTH="1358" HEIGHT="54">
            <String CONTENT="we" ID="Word_9403" HPOS="340" VPOS="899" WIDTH="69" HEIGHT="29" />
            <SP ID="SP_8167" HPOS="410" VPOS="899" WIDTH="22" HEIGHT="0" />
            <String CONTENT="shall" ID="Word_9404" HPOS="433" VPOS="884" WIDTH="115" HEIGHT="44" />
            <SP ID="SP_8168" HPOS="549" VPOS="884" WIDTH="21" HEIGHT="0" />
            <String CONTENT="now" ID="Word_9405" HPOS="571" VPOS="899" WIDTH="103" HEIGHT="29" />
            <SP ID="SP_8169" HPOS="675" VPOS="898" WIDTH="21" HEIGHT="0" />
            <String CONTENT="examine" ID="Word_9406" HPOS="697" VPOS="883" WIDTH="208" HEIGHT="45" />
            <SP ID="SP_8170" HPOS="906" VPOS="891" WIDTH="25" HEIGHT="0" />
            <String CONTENT="the" ID="Word_9407" HPOS="932" VPOS="884" WIDTH="79" HEIGHT="45" />
            <SP ID="SP_8171" HPOS="1012" VPOS="883" WIDTH="21" HEIGHT="0" />
            <String CONTENT="foot." ID="Word_9408" HPOS="1034" VPOS="883" WIDTH="103" HEIGHT="45" />
            <SP ID="SP_8172" HPOS="1138" VPOS="883" WIDTH="69" HEIGHT="0" />
            <String CONTENT="In" ID="Word_9409" HPOS="1208" VPOS="883" WIDTH="55" HEIGHT="45" />
            <SP ID="SP_8173" HPOS="1264" VPOS="899" WIDTH="25" HEIGHT="0" />
            <String CONTENT="man," ID="Word_9410" HPOS="1290" VPOS="899" WIDTH="122" HEIGHT="38" />
            <SP ID="SP_8174" HPOS="1413" VPOS="890" WIDTH="27" HEIGHT="0" />
            <String CONTENT="the" ID="Word_9411" HPOS="1441" VPOS="890" WIDTH="80" HEIGHT="38" />
            <SP ID="SP_8175" HPOS="1522" VPOS="898" WIDTH="30" HEIGHT="0" />
            <String CONTENT="whole" ID="Word_9412" HPOS="1553" VPOS="898" WIDTH="145" HEIGHT="31" />
          </TextLine>
          <TextLine ID="TextLine_1242" HPOS="338" VPOS="958" WIDTH="1360" HEIGHT="56">
            <String CONTENT="surface" ID="Word_9413" HPOS="338" VPOS="958" WIDTH="168" HEIGHT="46" />
            <SP ID="SP_8176" HPOS="507" VPOS="975" WIDTH="22" HEIGHT="0" />
            <String CONTENT="of" ID="Word_9414" HPOS="530" VPOS="959" WIDTH="50" HEIGHT="45" />
            <SP ID="SP_8177" HPOS="581" VPOS="959" WIDTH="12" HEIGHT="0" />
            <String CONTENT="the" ID="Word_9415" HPOS="594" VPOS="966" WIDTH="78" HEIGHT="38" />
            <SP ID="SP_8178" HPOS="673" VPOS="967" WIDTH="21" HEIGHT="0" />
            <String CONTENT="tarsus," ID="Word_9416" HPOS="695" VPOS="967" WIDTH="161" HEIGHT="46" />
            <SP ID="SP_8179" HPOS="857" VPOS="975" WIDTH="23" HEIGHT="0" />
            <String CONTENT="metatarsus," ID="Word_9417" HPOS="881" VPOS="966" WIDTH="287" HEIGHT="48" />
            <SP ID="SP_8180" HPOS="1169" VPOS="976" WIDTH="24" HEIGHT="0" />
            <String CONTENT="and" ID="Word_9418" HPOS="1194" VPOS="961" WIDTH="89" HEIGHT="43" />
            <SP ID="SP_8181" HPOS="1284" VPOS="961" WIDTH="21" HEIGHT="0" />
            <String CONTENT="toes," ID="Word_9419" HPOS="1306" VPOS="966" WIDTH="110" HEIGHT="48" />
            <SP ID="SP_8182" HPOS="1417" VPOS="975" WIDTH="22" HEIGHT="0" />
            <String CONTENT="rests" ID="Word_9420" HPOS="1440" VPOS="975" WIDTH="112" HEIGHT="30" />
            <SP ID="SP_8183" HPOS="1553" VPOS="975" WIDTH="23" HEIGHT="0" />
            <String CONTENT="upon" ID="Word_9421" HPOS="1577" VPOS="975" WIDTH="121" HEIGHT="30" />
          </TextLine>
          <TextLine ID="TextLine_1243" HPOS="337" VPOS="1035" WIDTH="1361" HEIGHT="62">
            <String CONTENT="the" ID="Word_9422" HPOS="337" VPOS="1042" WIDTH="78" HEIGHT="38" />
            <SP ID="SP_8184" HPOS="416" VPOS="1051" WIDTH="20" HEIGHT="0" />
            <String CONTENT="ground," ID="Word_9423" HPOS="437" VPOS="1051" WIDTH="184" HEIGHT="45" />
            <SP ID="SP_8185" HPOS="622" VPOS="1051" WIDTH="25" HEIGHT="0" />
            <String CONTENT="and" ID="Word_9424" HPOS="648" VPOS="1037" WIDTH="88" HEIGHT="43" />
            <SP ID="SP_8186" HPOS="737" VPOS="1037" WIDTH="20" HEIGHT="0" />
            <String CONTENT="the" ID="Word_9425" HPOS="758" VPOS="1042" WIDTH="79" HEIGHT="38" />
            <SP ID="SP_8187" HPOS="838" VPOS="1051" WIDTH="22" HEIGHT="0" />
            <String CONTENT="os" ID="Word_9426" HPOS="861" VPOS="1051" WIDTH="45" HEIGHT="29" />
            <SP ID="SP_8188" HPOS="907" VPOS="1051" WIDTH="22" HEIGHT="0" />
            <String CONTENT="calcis" ID="Word_9427" HPOS="930" VPOS="1036" WIDTH="130" HEIGHT="44" />
            <SP ID="SP_8189" HPOS="1061" VPOS="1035" WIDTH="21" HEIGHT="0" />
            <String CONTENT="forms" ID="Word_9428" HPOS="1083" VPOS="1035" WIDTH="133" HEIGHT="45" />
            <SP ID="SP_8190" HPOS="1217" VPOS="1052" WIDTH="23" HEIGHT="0" />
            <String CONTENT="a" ID="Word_9429" HPOS="1241" VPOS="1052" WIDTH="26" HEIGHT="28" />
            <SP ID="SP_8191" HPOS="1268" VPOS="1052" WIDTH="19" HEIGHT="0" />
            <String CONTENT="right" ID="Word_9430" HPOS="1288" VPOS="1036" WIDTH="119" HEIGHT="61" />
            <SP ID="SP_8192" HPOS="1408" VPOS="1043" WIDTH="22" HEIGHT="0" />
            <String CONTENT="angle" ID="Word_9431" HPOS="1431" VPOS="1051" WIDTH="129" HEIGHT="30" />
            <SP ID="SP_8193" HPOS="1561" VPOS="1051" WIDTH="22" HEIGHT="0" />
            <String CONTENT="with" ID="Word_9432" HPOS="1584" VPOS="1043" WIDTH="114" HEIGHT="38" />
          </TextLine>
          <TextLine ID="TextLine_1244" HPOS="336" VPOS="1111" WIDTH="1360" HEIGHT="61">
            <String CONTENT="the" ID="Word_9433" HPOS="336" VPOS="1113" WIDTH="79" HEIGHT="44" />
            <SP ID="SP_8194" HPOS="416" VPOS="1113" WIDTH="20" HEIGHT="0" />
            <String CONTENT="leg." ID="Word_9434" HPOS="437" VPOS="1113" WIDTH="82" HEIGHT="44" />
            <SP ID="SP_8195" HPOS="520" VPOS="1112" WIDTH="66" HEIGHT="0" />
            <String CONTENT="In" ID="Word_9435" HPOS="587" VPOS="1112" WIDTH="57" HEIGHT="44" />
            <SP ID="SP_8196" HPOS="645" VPOS="1119" WIDTH="21" HEIGHT="0" />
            <String CONTENT="the" ID="Word_9436" HPOS="667" VPOS="1119" WIDTH="78" HEIGHT="37" />
            <SP ID="SP_8197" HPOS="746" VPOS="1127" WIDTH="22" HEIGHT="0" />
            <String CONTENT="orangs," ID="Word_9437" HPOS="769" VPOS="1127" WIDTH="170" HEIGHT="45" />
            <SP ID="SP_8198" HPOS="940" VPOS="1118" WIDTH="31" HEIGHT="0" />
            <String CONTENT="this" ID="Word_9438" HPOS="972" VPOS="1112" WIDTH="91" HEIGHT="44" />
            <SP ID="SP_8199" HPOS="1064" VPOS="1113" WIDTH="27" HEIGHT="0" />
            <String CONTENT="bone" ID="Word_9439" HPOS="1092" VPOS="1113" WIDTH="114" HEIGHT="44" />
            <SP ID="SP_8200" HPOS="1207" VPOS="1114" WIDTH="26" HEIGHT="0" />
            <String CONTENT="begins" ID="Word_9440" HPOS="1234" VPOS="1114" WIDTH="153" HEIGHT="43" />
            <SP ID="SP_8201" HPOS="1388" VPOS="1119" WIDTH="29" HEIGHT="0" />
            <String CONTENT="to" ID="Word_9441" HPOS="1418" VPOS="1119" WIDTH="46" HEIGHT="39" />
            <SP ID="SP_8202" HPOS="1465" VPOS="1111" WIDTH="29" HEIGHT="0" />
            <String CONTENT="form" ID="Word_9442" HPOS="1495" VPOS="1111" WIDTH="112" HEIGHT="46" />
            <SP ID="SP_8203" HPOS="1608" VPOS="1127" WIDTH="28" HEIGHT="0" />
            <String CONTENT="an" ID="Word_9443" HPOS="1637" VPOS="1128" WIDTH="59" HEIGHT="29" />
          </TextLine>
          <TextLine ID="TextLine_1245" HPOS="337" VPOS="1188" WIDTH="1360" HEIGHT="61">
            <String CONTENT="acute" ID="Word_9444" HPOS="337" VPOS="1204" WIDTH="130" HEIGHT="29" />
            <SP ID="SP_8204" HPOS="468" VPOS="1204" WIDTH="24" HEIGHT="0" />
            <String CONTENT="angle" ID="Word_9445" HPOS="493" VPOS="1204" WIDTH="128" HEIGHT="29" />
            <SP ID="SP_8205" HPOS="622" VPOS="1204" WIDTH="22" HEIGHT="0" />
            <String CONTENT="with" ID="Word_9446" HPOS="645" VPOS="1188" WIDTH="114" HEIGHT="45" />
            <SP ID="SP_8206" HPOS="760" VPOS="1189" WIDTH="21" HEIGHT="0" />
            <String CONTENT="the" ID="Word_9447" HPOS="782" VPOS="1189" WIDTH="78" HEIGHT="44" />
            <SP ID="SP_8207" HPOS="861" VPOS="1188" WIDTH="21" HEIGHT="0" />
            <String CONTENT="limb," ID="Word_9448" HPOS="883" VPOS="1188" WIDTH="127" HEIGHT="53" />
            <SP ID="SP_8208" HPOS="1011" VPOS="1203" WIDTH="24" HEIGHT="0" />
            <String CONTENT="and" ID="Word_9449" HPOS="1036" VPOS="1188" WIDTH="90" HEIGHT="45" />
            <SP ID="SP_8209" HPOS="1127" VPOS="1188" WIDTH="20" HEIGHT="0" />
            <String CONTENT="consequently" ID="Word_9450" HPOS="1148" VPOS="1189" WIDTH="320" HEIGHT="60" />
            <SP ID="SP_8210" HPOS="1469" VPOS="1188" WIDTH="22" HEIGHT="0" />
            <String CONTENT="does" ID="Word_9451" HPOS="1492" VPOS="1188" WIDTH="103" HEIGHT="46" />
            <SP ID="SP_8211" HPOS="1596" VPOS="1204" WIDTH="20" HEIGHT="0" />
            <String CONTENT="not" ID="Word_9452" HPOS="1617" VPOS="1196" WIDTH="80" HEIGHT="37" />
          </TextLine>
          <TextLine ID="TextLine_1246" HPOS="337" VPOS="1264" WIDTH="1359" HEIGHT="61">
            <String CONTENT="rest" ID="Word_9453" HPOS="337" VPOS="1272" WIDTH="89" HEIGHT="38" />
            <SP ID="SP_8212" HPOS="427" VPOS="1272" WIDTH="21" HEIGHT="0" />
            <String CONTENT="upon" ID="Word_9454" HPOS="449" VPOS="1281" WIDTH="119" HEIGHT="29" />
            <SP ID="SP_8213" HPOS="569" VPOS="1271" WIDTH="22" HEIGHT="0" />
            <String CONTENT="the" ID="Word_9455" HPOS="592" VPOS="1271" WIDTH="78" HEIGHT="38" />
            <SP ID="SP_8214" HPOS="671" VPOS="1280" WIDTH="20" HEIGHT="0" />
            <String CONTENT="ground." ID="Word_9456" HPOS="692" VPOS="1265" WIDTH="184" HEIGHT="60" />
            <SP ID="SP_8215" HPOS="877" VPOS="1265" WIDTH="68" HEIGHT="0" />
            <String CONTENT="The" ID="Word_9457" HPOS="946" VPOS="1265" WIDTH="98" HEIGHT="44" />
            <SP ID="SP_8216" HPOS="1045" VPOS="1280" WIDTH="34" HEIGHT="0" />
            <String CONTENT="sole" ID="Word_9458" HPOS="1080" VPOS="1280" WIDTH="89" HEIGHT="30" />
            <SP ID="SP_8217" HPOS="1170" VPOS="1280" WIDTH="26" HEIGHT="0" />
            <String CONTENT="of" ID="Word_9459" HPOS="1197" VPOS="1264" WIDTH="49" HEIGHT="47" />
            <SP ID="SP_8218" HPOS="1247" VPOS="1264" WIDTH="22" HEIGHT="0" />
            <String CONTENT="the" ID="Word_9460" HPOS="1270" VPOS="1265" WIDTH="79" HEIGHT="45" />
            <SP ID="SP_8219" HPOS="1350" VPOS="1264" WIDTH="28" HEIGHT="0" />
            <String CONTENT="foot" ID="Word_9461" HPOS="1379" VPOS="1264" WIDTH="90" HEIGHT="46" />
            <SP ID="SP_8220" HPOS="1470" VPOS="1265" WIDTH="24" HEIGHT="0" />
            <String CONTENT="becomes" ID="Word_9462" HPOS="1495" VPOS="1265" WIDTH="201" HEIGHT="45" />
          </TextLine>
          <TextLine ID="TextLine_1247" HPOS="335" VPOS="1341" WIDTH="1361" HEIGHT="61">
            <String CONTENT="narrower;" ID="Word_9463" HPOS="335" VPOS="1357" WIDTH="249" HEIGHT="37" />
            <SP ID="SP_8221" HPOS="585" VPOS="1357" WIDTH="24" HEIGHT="0" />
            <String CONTENT="and" ID="Word_9464" HPOS="610" VPOS="1342" WIDTH="90" HEIGHT="44" />
            <SP ID="SP_8222" HPOS="701" VPOS="1341" WIDTH="15" HEIGHT="0" />
            <String CONTENT="in" ID="Word_9465" HPOS="717" VPOS="1341" WIDTH="46" HEIGHT="44" />
            <SP ID="SP_8223" HPOS="764" VPOS="1356" WIDTH="23" HEIGHT="0" />
            <String CONTENT="all" ID="Word_9466" HPOS="788" VPOS="1341" WIDTH="60" HEIGHT="45" />
            <SP ID="SP_8224" HPOS="849" VPOS="1341" WIDTH="13" HEIGHT="0" />
            <String CONTENT="the" ID="Word_9467" HPOS="863" VPOS="1347" WIDTH="77" HEIGHT="39" />
            <SP ID="SP_8225" HPOS="941" VPOS="1356" WIDTH="17" HEIGHT="0" />
            <String CONTENT="attempts" ID="Word_9468" HPOS="959" VPOS="1347" WIDTH="218" HEIGHT="39" />
            <SP ID="SP_8226" HPOS="1178" VPOS="1356" WIDTH="22" HEIGHT="0" />
            <String CONTENT="at" ID="Word_9469" HPOS="1201" VPOS="1347" WIDTH="47" HEIGHT="39" />
            <SP ID="SP_8227" HPOS="1249" VPOS="1347" WIDTH="23" HEIGHT="0" />
            <String CONTENT="erect" ID="Word_9470" HPOS="1273" VPOS="1347" WIDTH="116" HEIGHT="39" />
            <SP ID="SP_8228" HPOS="1390" VPOS="1347" WIDTH="15" HEIGHT="0" />
            <String CONTENT="progression," ID="Word_9471" HPOS="1406" VPOS="1355" WIDTH="290" HEIGHT="47" />
          </TextLine>
          <TextLine ID="TextLine_1248" HPOS="335" VPOS="1417" WIDTH="1361" HEIGHT="61">
            <String CONTENT="exhibited" ID="Word_9472" HPOS="335" VPOS="1418" WIDTH="230" HEIGHT="45" />
            <SP ID="SP_8229" HPOS="566" VPOS="1418" WIDTH="28" HEIGHT="0" />
            <String CONTENT="by" ID="Word_9473" HPOS="595" VPOS="1419" WIDTH="62" HEIGHT="59" />
            <SP ID="SP_8230" HPOS="658" VPOS="1424" WIDTH="27" HEIGHT="0" />
            <String CONTENT="the" ID="Word_9474" HPOS="686" VPOS="1424" WIDTH="78" HEIGHT="38" />
            <SP ID="SP_8231" HPOS="765" VPOS="1433" WIDTH="31" HEIGHT="0" />
            <String CONTENT="orangs" ID="Word_9475" HPOS="797" VPOS="1432" WIDTH="154" HEIGHT="30" />
            <SP ID="SP_8232" HPOS="952" VPOS="1433" WIDTH="28" HEIGHT="0" />
            <String CONTENT="which" ID="Word_9476" HPOS="981" VPOS="1417" WIDTH="147" HEIGHT="45" />
            <SP ID="SP_8233" HPOS="1129" VPOS="1418" WIDTH="34" HEIGHT="0" />
            <String CONTENT="have" ID="Word_9477" HPOS="1164" VPOS="1418" WIDTH="116" HEIGHT="44" />
            <SP ID="SP_8234" HPOS="1281" VPOS="1418" WIDTH="31" HEIGHT="0" />
            <String CONTENT="been" ID="Word_9478" HPOS="1313" VPOS="1418" WIDTH="112" HEIGHT="44" />
            <SP ID="SP_8235" HPOS="1426" VPOS="1433" WIDTH="33" HEIGHT="0" />
            <String CONTENT="shown" ID="Word_9479" HPOS="1460" VPOS="1418" WIDTH="156" HEIGHT="45" />
            <SP ID="SP_8236" HPOS="1617" VPOS="1417" WIDTH="29" HEIGHT="0" />
            <String CONTENT="in" ID="Word_9480" HPOS="1647" VPOS="1417" WIDTH="49" HEIGHT="45" />
          </TextLine>
        </TextBlock>
        <TextBlock ID="TextBlock_166" HPOS="316" VPOS="1584" WIDTH="1381" HEIGHT="1029">
          <TextLine ID="TextLine_1249" HPOS="389" VPOS="1584" WIDTH="230" HEIGHT="37">
            <String CONTENT="*" ID="Word_9481" HPOS="389" VPOS="1586" WIDTH="20" HEIGHT="19" />
            <SP ID="SP_8237" HPOS="410" VPOS="1584" WIDTH="22" HEIGHT="0" />
            <String CONTENT="Dr" ID="Word_9482" HPOS="433" VPOS="1584" WIDTH="53" HEIGHT="36" />
            <SP ID="SP_8238" HPOS="487" VPOS="1584" WIDTH="19" HEIGHT="0" />
            <String CONTENT="Trail." ID="Word_9483" HPOS="507" VPOS="1584" WIDTH="112" HEIGHT="37" />
          </TextLine>
          <TextLine ID="TextLine_1250" HPOS="438" VPOS="1650" WIDTH="1259" HEIGHT="48">
            <String CONTENT="“" ID="Word_9484" HPOS="438" VPOS="1651" WIDTH="23" HEIGHT="18" />
            <SP ID="SP_8239" HPOS="462" VPOS="1650" WIDTH="19" HEIGHT="0" />
            <String CONTENT="The" ID="Word_9485" HPOS="482" VPOS="1650" WIDTH="79" HEIGHT="36" />
            <SP ID="SP_8240" HPOS="562" VPOS="1663" WIDTH="19" HEIGHT="0" />
            <String CONTENT="most" ID="Word_9486" HPOS="582" VPOS="1657" WIDTH="94" HEIGHT="29" />
            <SP ID="SP_8241" HPOS="677" VPOS="1657" WIDTH="16" HEIGHT="0" />
            <String CONTENT="remarkable" ID="Word_9487" HPOS="694" VPOS="1652" WIDTH="226" HEIGHT="34" />
            <SP ID="SP_8242" HPOS="921" VPOS="1663" WIDTH="18" HEIGHT="0" />
            <String CONTENT="muscle" ID="Word_9488" HPOS="940" VPOS="1663" WIDTH="136" HEIGHT="23" />
            <SP ID="SP_8243" HPOS="1077" VPOS="1663" WIDTH="15" HEIGHT="0" />
            <String CONTENT="about" ID="Word_9489" HPOS="1093" VPOS="1652" WIDTH="108" HEIGHT="34" />
            <SP ID="SP_8244" HPOS="1202" VPOS="1656" WIDTH="13" HEIGHT="0" />
            <String CONTENT="the" ID="Word_9490" HPOS="1216" VPOS="1656" WIDTH="62" HEIGHT="31" />
            <SP ID="SP_8245" HPOS="1279" VPOS="1656" WIDTH="15" HEIGHT="0" />
            <String CONTENT="top" ID="Word_9491" HPOS="1295" VPOS="1656" WIDTH="60" HEIGHT="42" />
            <SP ID="SP_8246" HPOS="1356" VPOS="1663" WIDTH="14" HEIGHT="0" />
            <String CONTENT="of" ID="Word_9492" HPOS="1371" VPOS="1652" WIDTH="41" HEIGHT="35" />
            <SP ID="SP_8247" HPOS="1413" VPOS="1652" WIDTH="9" HEIGHT="0" />
            <String CONTENT="the" ID="Word_9493" HPOS="1423" VPOS="1651" WIDTH="62" HEIGHT="36" />
            <SP ID="SP_8248" HPOS="1486" VPOS="1656" WIDTH="14" HEIGHT="0" />
            <String CONTENT="thigh," ID="Word_9494" HPOS="1501" VPOS="1650" WIDTH="116" HEIGHT="48" />
            <SP ID="SP_8249" HPOS="1618" VPOS="1651" WIDTH="12" HEIGHT="0" />
            <String CONTENT="htui" ID="Word_9495" HPOS="1631" VPOS="1651" WIDTH="66" HEIGHT="37" />
          </TextLine>
          <TextLine ID="TextLine_1251" HPOS="330" VPOS="1714" WIDTH="1364" HEIGHT="49">
            <String CONTENT="not" ID="Word_9496" HPOS="330" VPOS="1722" WIDTH="64" HEIGHT="30" />
            <SP ID="SP_8250" HPOS="395" VPOS="1718" WIDTH="17" HEIGHT="0" />
            <String CONTENT="been" ID="Word_9497" HPOS="413" VPOS="1718" WIDTH="91" HEIGHT="34" />
            <SP ID="SP_8251" HPOS="505" VPOS="1729" WIDTH="18" HEIGHT="0" />
            <String CONTENT="noticed" ID="Word_9498" HPOS="524" VPOS="1717" WIDTH="144" HEIGHT="34" />
            <SP ID="SP_8252" HPOS="669" VPOS="1716" WIDTH="16" HEIGHT="0" />
            <String CONTENT="by" ID="Word_9499" HPOS="686" VPOS="1716" WIDTH="48" HEIGHT="46" />
            <SP ID="SP_8253" HPOS="735" VPOS="1715" WIDTH="17" HEIGHT="0" />
            <String CONTENT="Tyson," ID="Word_9500" HPOS="753" VPOS="1715" WIDTH="135" HEIGHT="47" />
            <SP ID="SP_8254" HPOS="889" VPOS="1715" WIDTH="28" HEIGHT="0" />
            <String CONTENT="Camper," ID="Word_9501" HPOS="918" VPOS="1715" WIDTH="165" HEIGHT="48" />
            <SP ID="SP_8255" HPOS="1084" VPOS="1714" WIDTH="30" HEIGHT="0" />
            <String CONTENT="Cuvier," ID="Word_9502" HPOS="1115" VPOS="1714" WIDTH="146" HEIGHT="47" />
            <SP ID="SP_8256" HPOS="1262" VPOS="1729" WIDTH="26" HEIGHT="0" />
            <String CONTENT="or" ID="Word_9503" HPOS="1289" VPOS="1729" WIDTH="41" HEIGHT="23" />
            <SP ID="SP_8257" HPOS="1331" VPOS="1722" WIDTH="24" HEIGHT="0" />
            <String CONTENT="the" ID="Word_9504" HPOS="1356" VPOS="1722" WIDTH="63" HEIGHT="30" />
            <SP ID="SP_8258" HPOS="1420" VPOS="1728" WIDTH="25" HEIGHT="0" />
            <String CONTENT="older" ID="Word_9505" HPOS="1446" VPOS="1716" WIDTH="103" HEIGHT="36" />
            <SP ID="SP_8259" HPOS="1550" VPOS="1729" WIDTH="19" HEIGHT="0" />
            <String CONTENT="anato-" ID="Word_9506" HPOS="1570" VPOS="1723" WIDTH="124" HEIGHT="29" />
          </TextLine>
          <TextLine ID="TextLine_1252" HPOS="329" VPOS="1780" WIDTH="1367" HEIGHT="48">
            <String CONTENT="mists." ID="Word_9507" HPOS="329" VPOS="1788" WIDTH="112" HEIGHT="29" />
            <SP ID="SP_8260" HPOS="442" VPOS="1781" WIDTH="34" HEIGHT="0" />
            <String CONTENT="It" ID="Word_9508" HPOS="477" VPOS="1781" WIDTH="37" HEIGHT="35" />
            <SP ID="SP_8261" HPOS="515" VPOS="1782" WIDTH="17" HEIGHT="0" />
            <String CONTENT="is" ID="Word_9509" HPOS="533" VPOS="1782" WIDTH="29" HEIGHT="34" />
            <SP ID="SP_8262" HPOS="563" VPOS="1794" WIDTH="14" HEIGHT="0" />
            <String CONTENT="a" ID="Word_9510" HPOS="578" VPOS="1794" WIDTH="20" HEIGHT="22" />
            <SP ID="SP_8263" HPOS="599" VPOS="1781" WIDTH="12" HEIGHT="0" />
            <String CONTENT="flat" ID="Word_9511" HPOS="612" VPOS="1781" WIDTH="63" HEIGHT="35" />
            <SP ID="SP_8264" HPOS="676" VPOS="1786" WIDTH="13" HEIGHT="0" />
            <String CONTENT="triangular" ID="Word_9512" HPOS="690" VPOS="1782" WIDTH="197" HEIGHT="34" />
            <SP ID="SP_8265" HPOS="888" VPOS="1793" WIDTH="12" HEIGHT="0" />
            <String CONTENT="muscle," ID="Word_9513" HPOS="901" VPOS="1793" WIDTH="150" HEIGHT="33" />
            <SP ID="SP_8266" HPOS="1052" VPOS="1793" WIDTH="14" HEIGHT="0" />
            <String CONTENT="arising" ID="Word_9514" HPOS="1067" VPOS="1782" WIDTH="130" HEIGHT="46" />
            <SP ID="SP_8267" HPOS="1198" VPOS="1781" WIDTH="16" HEIGHT="0" />
            <String CONTENT="from" ID="Word_9515" HPOS="1215" VPOS="1781" WIDTH="95" HEIGHT="36" />
            <SP ID="SP_8268" HPOS="1311" VPOS="1787" WIDTH="12" HEIGHT="0" />
            <String CONTENT="the" ID="Word_9516" HPOS="1324" VPOS="1787" WIDTH="63" HEIGHT="30" />
            <SP ID="SP_8269" HPOS="1388" VPOS="1793" WIDTH="14" HEIGHT="0" />
            <String CONTENT="whole" ID="Word_9517" HPOS="1403" VPOS="1780" WIDTH="118" HEIGHT="37" />
            <SP ID="SP_8270" HPOS="1522" VPOS="1793" WIDTH="14" HEIGHT="0" />
            <String CONTENT="anterior" ID="Word_9518" HPOS="1537" VPOS="1783" WIDTH="159" HEIGHT="35" />
          </TextLine>
          <TextLine ID="TextLine_1253" HPOS="329" VPOS="1846" WIDTH="1366" HEIGHT="45">
            <String CONTENT="edge" ID="Word_9519" HPOS="329" VPOS="1849" WIDTH="87" HEIGHT="33" />
            <SP ID="SP_8271" HPOS="417" VPOS="1859" WIDTH="18" HEIGHT="0" />
            <String CONTENT="of" ID="Word_9520" HPOS="436" VPOS="1848" WIDTH="40" HEIGHT="34" />
            <SP ID="SP_8272" HPOS="477" VPOS="1848" WIDTH="13" HEIGHT="0" />
            <String CONTENT="the" ID="Word_9521" HPOS="491" VPOS="1847" WIDTH="61" HEIGHT="34" />
            <SP ID="SP_8273" HPOS="553" VPOS="1848" WIDTH="17" HEIGHT="0" />
            <String CONTENT="ileum" ID="Word_9522" HPOS="571" VPOS="1848" WIDTH="115" HEIGHT="33" />
            <SP ID="SP_8274" HPOS="687" VPOS="1851" WIDTH="17" HEIGHT="0" />
            <String CONTENT="to" ID="Word_9523" HPOS="705" VPOS="1851" WIDTH="37" HEIGHT="30" />
            <SP ID="SP_8275" HPOS="743" VPOS="1859" WIDTH="18" HEIGHT="0" />
            <String CONTENT="within" ID="Word_9524" HPOS="762" VPOS="1846" WIDTH="126" HEIGHT="36" />
            <SP ID="SP_8276" HPOS="889" VPOS="1846" WIDTH="17" HEIGHT="0" />
            <String CONTENT="half" ID="Word_9525" HPOS="907" VPOS="1846" WIDTH="83" HEIGHT="35" />
            <SP ID="SP_8277" HPOS="991" VPOS="1847" WIDTH="12" HEIGHT="0" />
            <String CONTENT="an" ID="Word_9526" HPOS="1004" VPOS="1859" WIDTH="45" HEIGHT="22" />
            <SP ID="SP_8278" HPOS="1050" VPOS="1847" WIDTH="17" HEIGHT="0" />
            <String CONTENT="inch" ID="Word_9527" HPOS="1068" VPOS="1846" WIDTH="85" HEIGHT="36" />
            <SP ID="SP_8279" HPOS="1154" VPOS="1846" WIDTH="14" HEIGHT="0" />
            <String CONTENT="of" ID="Word_9528" HPOS="1169" VPOS="1847" WIDTH="41" HEIGHT="35" />
            <SP ID="SP_8280" HPOS="1211" VPOS="1847" WIDTH="14" HEIGHT="0" />
            <String CONTENT="the" ID="Word_9529" HPOS="1226" VPOS="1852" WIDTH="63" HEIGHT="30" />
            <SP ID="SP_8281" HPOS="1290" VPOS="1858" WIDTH="16" HEIGHT="0" />
            <String CONTENT="acetabulum," ID="Word_9530" HPOS="1307" VPOS="1847" WIDTH="244" HEIGHT="44" />
            <SP ID="SP_8282" HPOS="1552" VPOS="1859" WIDTH="22" HEIGHT="0" />
            <String CONTENT="and" ID="Word_9531" HPOS="1575" VPOS="1848" WIDTH="72" HEIGHT="34" />
            <SP ID="SP_8283" HPOS="1648" VPOS="1848" WIDTH="15" HEIGHT="0" />
            <String CONTENT="is" ID="Word_9532" HPOS="1664" VPOS="1848" WIDTH="31" HEIGHT="35" />
          </TextLine>
          <TextLine ID="TextLine_1254" HPOS="328" VPOS="1911" WIDTH="1366" HEIGHT="48">
            <String CONTENT="inserted" ID="Word_9533" HPOS="328" VPOS="1912" WIDTH="158" HEIGHT="36" />
            <SP ID="SP_8284" HPOS="487" VPOS="1912" WIDTH="22" HEIGHT="0" />
            <String CONTENT="just" ID="Word_9534" HPOS="510" VPOS="1912" WIDTH="77" HEIGHT="47" />
            <SP ID="SP_8285" HPOS="588" VPOS="1912" WIDTH="17" HEIGHT="0" />
            <String CONTENT="below" ID="Word_9535" HPOS="606" VPOS="1912" WIDTH="117" HEIGHT="35" />
            <SP ID="SP_8286" HPOS="724" VPOS="1918" WIDTH="18" HEIGHT="0" />
            <String CONTENT="the" ID="Word_9536" HPOS="743" VPOS="1911" WIDTH="61" HEIGHT="35" />
            <SP ID="SP_8287" HPOS="805" VPOS="1912" WIDTH="18" HEIGHT="0" />
            <String CONTENT="fore" ID="Word_9537" HPOS="824" VPOS="1912" WIDTH="76" HEIGHT="34" />
            <SP ID="SP_8288" HPOS="901" VPOS="1924" WIDTH="17" HEIGHT="0" />
            <String CONTENT="part" ID="Word_9538" HPOS="919" VPOS="1918" WIDTH="80" HEIGHT="40" />
            <SP ID="SP_8289" HPOS="1000" VPOS="1918" WIDTH="17" HEIGHT="0" />
            <String CONTENT="of" ID="Word_9539" HPOS="1018" VPOS="1913" WIDTH="41" HEIGHT="34" />
            <SP ID="SP_8290" HPOS="1060" VPOS="1913" WIDTH="22" HEIGHT="0" />
            <String CONTENT="the" ID="Word_9540" HPOS="1083" VPOS="1918" WIDTH="61" HEIGHT="29" />
            <SP ID="SP_8291" HPOS="1145" VPOS="1923" WIDTH="17" HEIGHT="0" />
            <String CONTENT="great" ID="Word_9541" HPOS="1163" VPOS="1917" WIDTH="100" HEIGHT="41" />
            <SP ID="SP_8292" HPOS="1264" VPOS="1917" WIDTH="16" HEIGHT="0" />
            <String CONTENT="trochanter," ID="Word_9542" HPOS="1281" VPOS="1911" WIDTH="219" HEIGHT="46" />
            <SP ID="SP_8293" HPOS="1501" VPOS="1912" WIDTH="25" HEIGHT="0" />
            <String CONTENT="between" ID="Word_9543" HPOS="1527" VPOS="1912" WIDTH="167" HEIGHT="36" />
          </TextLine>
          <TextLine ID="TextLine_1255" HPOS="328" VPOS="1976" WIDTH="1366" HEIGHT="46">
            <String CONTENT="the" ID="Word_9544" HPOS="328" VPOS="1978" WIDTH="62" HEIGHT="35" />
            <SP ID="SP_8294" HPOS="391" VPOS="1977" WIDTH="25" HEIGHT="0" />
            <String CONTENT="bead" ID="Word_9545" HPOS="417" VPOS="1977" WIDTH="94" HEIGHT="36" />
            <SP ID="SP_8295" HPOS="512" VPOS="1979" WIDTH="28" HEIGHT="0" />
            <String CONTENT="of" ID="Word_9546" HPOS="541" VPOS="1978" WIDTH="39" HEIGHT="34" />
            <SP ID="SP_8296" HPOS="581" VPOS="1978" WIDTH="24" HEIGHT="0" />
            <String CONTENT="the" ID="Word_9547" HPOS="606" VPOS="1984" WIDTH="60" HEIGHT="28" />
            <SP ID="SP_8297" HPOS="667" VPOS="1989" WIDTH="27" HEIGHT="0" />
            <String CONTENT="cruralis" ID="Word_9548" HPOS="695" VPOS="1977" WIDTH="148" HEIGHT="35" />
            <SP ID="SP_8298" HPOS="844" VPOS="1989" WIDTH="26" HEIGHT="0" />
            <String CONTENT="and" ID="Word_9549" HPOS="871" VPOS="1978" WIDTH="71" HEIGHT="34" />
            <SP ID="SP_8299" HPOS="943" VPOS="1978" WIDTH="25" HEIGHT="0" />
            <String CONTENT="vastus" ID="Word_9550" HPOS="969" VPOS="1989" WIDTH="119" HEIGHT="23" />
            <SP ID="SP_8300" HPOS="1089" VPOS="1990" WIDTH="27" HEIGHT="0" />
            <String CONTENT="extemus," ID="Word_9551" HPOS="1117" VPOS="1988" WIDTH="185" HEIGHT="34" />
            <SP ID="SP_8301" HPOS="1303" VPOS="1989" WIDTH="26" HEIGHT="0" />
            <String CONTENT="a" ID="Word_9552" HPOS="1330" VPOS="1989" WIDTH="21" HEIGHT="23" />
            <SP ID="SP_8302" HPOS="1352" VPOS="1976" WIDTH="16" HEIGHT="0" />
            <String CONTENT="little" ID="Word_9553" HPOS="1369" VPOS="1976" WIDTH="98" HEIGHT="37" />
            <SP ID="SP_8303" HPOS="1468" VPOS="1977" WIDTH="26" HEIGHT="0" />
            <String CONTENT="below" ID="Word_9554" HPOS="1495" VPOS="1977" WIDTH="118" HEIGHT="36" />
            <SP ID="SP_8304" HPOS="1614" VPOS="1983" WIDTH="18" HEIGHT="0" />
            <String CONTENT="the" ID="Word_9555" HPOS="1633" VPOS="1977" WIDTH="61" HEIGHT="36" />
          </TextLine>
          <TextLine ID="TextLine_1256" HPOS="328" VPOS="2042" WIDTH="1366" HEIGHT="47">
            <String CONTENT="origin" ID="Word_9556" HPOS="328" VPOS="2045" WIDTH="112" HEIGHT="33" />
            <SP ID="SP_8305" HPOS="441" VPOS="2056" WIDTH="27" HEIGHT="0" />
            <String CONTENT="of" ID="Word_9557" HPOS="469" VPOS="2044" WIDTH="40" HEIGHT="34" />
            <SP ID="SP_8306" HPOS="510" VPOS="2044" WIDTH="21" HEIGHT="0" />
            <String CONTENT="the" ID="Word_9558" HPOS="532" VPOS="2044" WIDTH="62" HEIGHT="34" />
            <SP ID="SP_8307" HPOS="595" VPOS="2044" WIDTH="27" HEIGHT="0" />
            <String CONTENT="former." ID="Word_9559" HPOS="623" VPOS="2044" WIDTH="145" HEIGHT="34" />
            <SP ID="SP_8308" HPOS="769" VPOS="2042" WIDTH="75" HEIGHT="0" />
            <String CONTENT="It" ID="Word_9560" HPOS="845" VPOS="2042" WIDTH="38" HEIGHT="36" />
            <SP ID="SP_8309" HPOS="884" VPOS="2044" WIDTH="24" HEIGHT="0" />
            <String CONTENT="is" ID="Word_9561" HPOS="909" VPOS="2044" WIDTH="29" HEIGHT="34" />
            <SP ID="SP_8310" HPOS="939" VPOS="2049" WIDTH="26" HEIGHT="0" />
            <String CONTENT="thin" ID="Word_9562" HPOS="966" VPOS="2043" WIDTH="80" HEIGHT="35" />
            <SP ID="SP_8311" HPOS="1047" VPOS="2055" WIDTH="27" HEIGHT="0" />
            <String CONTENT="and" ID="Word_9563" HPOS="1075" VPOS="2044" WIDTH="71" HEIGHT="34" />
            <SP ID="SP_8312" HPOS="1147" VPOS="2043" WIDTH="25" HEIGHT="0" />
            <String CONTENT="fleshy" ID="Word_9564" HPOS="1173" VPOS="2043" WIDTH="115" HEIGHT="46" />
            <SP ID="SP_8313" HPOS="1289" VPOS="2048" WIDTH="26" HEIGHT="0" />
            <String CONTENT="through" ID="Word_9565" HPOS="1316" VPOS="2043" WIDTH="157" HEIGHT="35" />
            <SP ID="SP_8314" HPOS="1474" VPOS="2043" WIDTH="26" HEIGHT="0" />
            <String CONTENT="its" ID="Word_9566" HPOS="1501" VPOS="2043" WIDTH="46" HEIGHT="35" />
            <SP ID="SP_8315" HPOS="1548" VPOS="2055" WIDTH="25" HEIGHT="0" />
            <String CONTENT="whole" ID="Word_9567" HPOS="1574" VPOS="2043" WIDTH="120" HEIGHT="36" />
          </TextLine>
          <TextLine ID="TextLine_1257" HPOS="326" VPOS="2108" WIDTH="1361" HEIGHT="46">
            <String CONTENT="extent," ID="Word_9568" HPOS="326" VPOS="2114" WIDTH="139" HEIGHT="38" />
            <SP ID="SP_8316" HPOS="466" VPOS="2120" WIDTH="15" HEIGHT="0" />
            <String CONTENT="except" ID="Word_9569" HPOS="482" VPOS="2114" WIDTH="128" HEIGHT="29" />
            <SP ID="SP_8317" HPOS="611" VPOS="2114" WIDTH="13" HEIGHT="0" />
            <String CONTENT="W'bcre" ID="Word_9570" HPOS="625" VPOS="2108" WIDTH="119" HEIGHT="35" />
            <SP ID="SP_8318" HPOS="745" VPOS="2109" WIDTH="14" HEIGHT="0" />
            <String CONTENT="it" ID="Word_9571" HPOS="760" VPOS="2109" WIDTH="29" HEIGHT="33" />
            <SP ID="SP_8319" HPOS="790" VPOS="2108" WIDTH="12" HEIGHT="0" />
            <String CONTENT="is" ID="Word_9572" HPOS="803" VPOS="2108" WIDTH="28" HEIGHT="34" />
            <SP ID="SP_8320" HPOS="832" VPOS="2109" WIDTH="13" HEIGHT="0" />
            <String CONTENT="inserted" ID="Word_9573" HPOS="846" VPOS="2109" WIDTH="157" HEIGHT="34" />
            <SP ID="SP_8321" HPOS="1004" VPOS="2109" WIDTH="18" HEIGHT="0" />
            <String CONTENT="by" ID="Word_9574" HPOS="1023" VPOS="2109" WIDTH="47" HEIGHT="45" />
            <SP ID="SP_8322" HPOS="1071" VPOS="2120" WIDTH="12" HEIGHT="0" />
            <String CONTENT="a" ID="Word_9575" HPOS="1084" VPOS="2120" WIDTH="21" HEIGHT="23" />
            <SP ID="SP_8323" HPOS="1106" VPOS="2120" WIDTH="16" HEIGHT="0" />
            <String CONTENT="very" ID="Word_9576" HPOS="1123" VPOS="2120" WIDTH="87" HEIGHT="34" />
            <SP ID="SP_8324" HPOS="1211" VPOS="2120" WIDTH="18" HEIGHT="0" />
            <String CONTENT="short" ID="Word_9577" HPOS="1230" VPOS="2108" WIDTH="99" HEIGHT="36" />
            <SP ID="SP_8325" HPOS="1330" VPOS="2108" WIDTH="14" HEIGHT="0" />
            <String CONTENT="flattened" ID="Word_9578" HPOS="1345" VPOS="2108" WIDTH="174" HEIGHT="36" />
            <SP ID="SP_8326" HPOS="1520" VPOS="2108" WIDTH="19" HEIGHT="0" />
            <String CONTENT="tendon." ID="Word_9579" HPOS="1540" VPOS="2109" WIDTH="147" HEIGHT="35" />
          </TextLine>
          <TextLine ID="TextLine_1258" HPOS="326" VPOS="2172" WIDTH="1365" HEIGHT="46">
            <String CONTENT="At" ID="Word_9580" HPOS="326" VPOS="2172" WIDTH="55" HEIGHT="35" />
            <SP ID="SP_8327" HPOS="382" VPOS="2173" WIDTH="16" HEIGHT="0" />
            <String CONTENT="its" ID="Word_9581" HPOS="399" VPOS="2173" WIDTH="45" HEIGHT="34" />
            <SP ID="SP_8328" HPOS="445" VPOS="2185" WIDTH="18" HEIGHT="0" />
            <String CONTENT="upper" ID="Word_9582" HPOS="464" VPOS="2184" WIDTH="111" HEIGHT="34" />
            <SP ID="SP_8329" HPOS="576" VPOS="2185" WIDTH="16" HEIGHT="0" />
            <String CONTENT="p.art" ID="Word_9583" HPOS="593" VPOS="2178" WIDTH="79" HEIGHT="40" />
            <SP ID="SP_8330" HPOS="673" VPOS="2173" WIDTH="16" HEIGHT="0" />
            <String CONTENT="it" ID="Word_9584" HPOS="690" VPOS="2173" WIDTH="29" HEIGHT="33" />
            <SP ID="SP_8331" HPOS="720" VPOS="2173" WIDTH="16" HEIGHT="0" />
            <String CONTENT="is" ID="Word_9585" HPOS="737" VPOS="2173" WIDTH="28" HEIGHT="33" />
            <SP ID="SP_8332" HPOS="766" VPOS="2185" WIDTH="18" HEIGHT="0" />
            <String CONTENT="united" ID="Word_9586" HPOS="785" VPOS="2173" WIDTH="126" HEIGHT="33" />
            <SP ID="SP_8333" HPOS="912" VPOS="2173" WIDTH="29" HEIGHT="0" />
            <String CONTENT="by" ID="Word_9587" HPOS="942" VPOS="2173" WIDTH="46" HEIGHT="45" />
            <SP ID="SP_8334" HPOS="989" VPOS="2184" WIDTH="23" HEIGHT="0" />
            <String CONTENT="cellular" ID="Word_9588" HPOS="1013" VPOS="2173" WIDTH="154" HEIGHT="35" />
            <SP ID="SP_8335" HPOS="1168" VPOS="2185" WIDTH="25" HEIGHT="0" />
            <String CONTENT="substance" ID="Word_9589" HPOS="1194" VPOS="2174" WIDTH="188" HEIGHT="34" />
            <SP ID="SP_8336" HPOS="1383" VPOS="2178" WIDTH="27" HEIGHT="0" />
            <String CONTENT="to" ID="Word_9590" HPOS="1411" VPOS="2178" WIDTH="37" HEIGHT="30" />
            <SP ID="SP_8337" HPOS="1449" VPOS="2179" WIDTH="27" HEIGHT="0" />
            <String CONTENT="the" ID="Word_9591" HPOS="1477" VPOS="2173" WIDTH="61" HEIGHT="35" />
            <SP ID="SP_8338" HPOS="1539" VPOS="2174" WIDTH="26" HEIGHT="0" />
            <String CONTENT="iliacus" ID="Word_9592" HPOS="1566" VPOS="2173" WIDTH="125" HEIGHT="36" />
          </TextLine>
          <TextLine ID="TextLine_1259" HPOS="326" VPOS="2235" WIDTH="1364" HEIGHT="49">
            <String CONTENT="intemus." ID="Word_9593" HPOS="326" VPOS="2238" WIDTH="175" HEIGHT="34" />
            <SP ID="SP_8339" HPOS="502" VPOS="2235" WIDTH="60" HEIGHT="0" />
            <String CONTENT="The" ID="Word_9594" HPOS="563" VPOS="2235" WIDTH="80" HEIGHT="36" />
            <SP ID="SP_8340" HPOS="644" VPOS="2248" WIDTH="27" HEIGHT="0" />
            <String CONTENT="action" ID="Word_9595" HPOS="672" VPOS="2242" WIDTH="118" HEIGHT="29" />
            <SP ID="SP_8341" HPOS="791" VPOS="2249" WIDTH="28" HEIGHT="0" />
            <String CONTENT="of" ID="Word_9596" HPOS="820" VPOS="2237" WIDTH="40" HEIGHT="34" />
            <SP ID="SP_8342" HPOS="861" VPOS="2237" WIDTH="22" HEIGHT="0" />
            <String CONTENT="this" ID="Word_9597" HPOS="884" VPOS="2236" WIDTH="70" HEIGHT="36" />
            <SP ID="SP_8343" HPOS="955" VPOS="2249" WIDTH="27" HEIGHT="0" />
            <String CONTENT="muscle" ID="Word_9598" HPOS="983" VPOS="2249" WIDTH="137" HEIGHT="23" />
            <SP ID="SP_8344" HPOS="1121" VPOS="2249" WIDTH="25" HEIGHT="0" />
            <String CONTENT="appears" ID="Word_9599" HPOS="1147" VPOS="2249" WIDTH="145" HEIGHT="35" />
            <SP ID="SP_8345" HPOS="1293" VPOS="2243" WIDTH="28" HEIGHT="0" />
            <String CONTENT="to" ID="Word_9600" HPOS="1322" VPOS="2243" WIDTH="35" HEIGHT="29" />
            <SP ID="SP_8346" HPOS="1358" VPOS="2238" WIDTH="27" HEIGHT="0" />
            <String CONTENT="be" ID="Word_9601" HPOS="1386" VPOS="2238" WIDTH="44" HEIGHT="34" />
            <SP ID="SP_8347" HPOS="1431" VPOS="2238" WIDTH="26" HEIGHT="0" />
            <String CONTENT="intended" ID="Word_9602" HPOS="1458" VPOS="2238" WIDTH="175" HEIGHT="35" />
            <SP ID="SP_8348" HPOS="1634" VPOS="2238" WIDTH="17" HEIGHT="0" />
            <String CONTENT="to" ID="Word_9603" HPOS="1652" VPOS="2244" WIDTH="38" HEIGHT="30" />
          </TextLine>
          <TextLine ID="TextLine_1260" HPOS="323" VPOS="2299" WIDTH="1363" HEIGHT="49">
            <String CONTENT="assist" ID="Word_9604" HPOS="323" VPOS="2303" WIDTH="101" HEIGHT="35" />
            <SP ID="SP_8349" HPOS="425" VPOS="2303" WIDTH="16" HEIGHT="0" />
            <String CONTENT="in" ID="Word_9605" HPOS="442" VPOS="2303" WIDTH="38" HEIGHT="34" />
            <SP ID="SP_8350" HPOS="481" VPOS="2314" WIDTH="18" HEIGHT="0" />
            <String CONTENT="climbing." ID="Word_9606" HPOS="500" VPOS="2303" WIDTH="183" HEIGHT="34" />
            <SP ID="SP_8351" HPOS="684" VPOS="2299" WIDTH="60" HEIGHT="0" />
            <String CONTENT="On" ID="Word_9607" HPOS="745" VPOS="2299" WIDTH="60" HEIGHT="38" />
            <SP ID="SP_8352" HPOS="806" VPOS="2307" WIDTH="21" HEIGHT="0" />
            <String CONTENT="this" ID="Word_9608" HPOS="828" VPOS="2301" WIDTH="69" HEIGHT="35" />
            <SP ID="SP_8353" HPOS="898" VPOS="2314" WIDTH="25" HEIGHT="0" />
            <String CONTENT=".account," ID="Word_9609" HPOS="924" VPOS="2314" WIDTH="163" HEIGHT="32" />
            <SP ID="SP_8354" HPOS="1088" VPOS="2314" WIDTH="25" HEIGHT="0" />
            <String CONTENT="we" ID="Word_9610" HPOS="1114" VPOS="2314" WIDTH="53" HEIGHT="23" />
            <SP ID="SP_8355" HPOS="1168" VPOS="2314" WIDTH="27" HEIGHT="0" />
            <String CONTENT="propose" ID="Word_9611" HPOS="1196" VPOS="2313" WIDTH="146" HEIGHT="35" />
            <SP ID="SP_8356" HPOS="1343" VPOS="2307" WIDTH="29" HEIGHT="0" />
            <String CONTENT="to" ID="Word_9612" HPOS="1373" VPOS="2307" WIDTH="35" HEIGHT="30" />
            <SP ID="SP_8357" HPOS="1409" VPOS="2314" WIDTH="26" HEIGHT="0" />
            <String CONTENT="name" ID="Word_9613" HPOS="1436" VPOS="2314" WIDTH="106" HEIGHT="23" />
            <SP ID="SP_8358" HPOS="1543" VPOS="2303" WIDTH="26" HEIGHT="0" />
            <String CONTENT="it" ID="Word_9614" HPOS="1570" VPOS="2303" WIDTH="30" HEIGHT="34" />
            <SP ID="SP_8359" HPOS="1601" VPOS="2306" WIDTH="20" HEIGHT="0" />
            <String CONTENT="the" ID="Word_9615" HPOS="1622" VPOS="2300" WIDTH="64" HEIGHT="35" />
          </TextLine>
          <TextLine ID="TextLine_1261" HPOS="319" VPOS="2367" WIDTH="1371" HEIGHT="47">
            <String CONTENT="scandens," ID="Word_9616" HPOS="319" VPOS="2369" WIDTH="189" HEIGHT="42" />
            <SP ID="SP_8360" HPOS="509" VPOS="2380" WIDTH="19" HEIGHT="0" />
            <String CONTENT="or" ID="Word_9617" HPOS="529" VPOS="2379" WIDTH="37" HEIGHT="23" />
            <SP ID="SP_8361" HPOS="567" VPOS="2379" WIDTH="18" HEIGHT="0" />
            <String CONTENT="musculus" ID="Word_9618" HPOS="586" VPOS="2379" WIDTH="184" HEIGHT="23" />
            <SP ID="SP_8362" HPOS="771" VPOS="2379" WIDTH="17" HEIGHT="0" />
            <String CONTENT="scansorius;" ID="Word_9619" HPOS="789" VPOS="2379" WIDTH="222" HEIGHT="31" />
            <SP ID="SP_8363" HPOS="1012" VPOS="2379" WIDTH="27" HEIGHT="0" />
            <String CONTENT="and" ID="Word_9620" HPOS="1040" VPOS="2368" WIDTH="70" HEIGHT="34" />
            <SP ID="SP_8364" HPOS="1111" VPOS="2368" WIDTH="23" HEIGHT="0" />
            <String CONTENT="we" ID="Word_9621" HPOS="1135" VPOS="2379" WIDTH="53" HEIGHT="24" />
            <SP ID="SP_8365" HPOS="1189" VPOS="2379" WIDTH="29" HEIGHT="0" />
            <String CONTENT="are" ID="Word_9622" HPOS="1219" VPOS="2379" WIDTH="59" HEIGHT="23" />
            <SP ID="SP_8366" HPOS="1279" VPOS="2367" WIDTH="26" HEIGHT="0" />
            <String CONTENT="disposed" ID="Word_9623" HPOS="1306" VPOS="2367" WIDTH="162" HEIGHT="35" />
            <SP ID="SP_8367" HPOS="1469" VPOS="2368" WIDTH="26" HEIGHT="0" />
            <String CONTENT="to" ID="Word_9624" HPOS="1496" VPOS="2372" WIDTH="38" HEIGHT="30" />
            <SP ID="SP_8368" HPOS="1535" VPOS="2379" WIDTH="26" HEIGHT="0" />
            <String CONTENT="regard" ID="Word_9625" HPOS="1562" VPOS="2369" WIDTH="128" HEIGHT="45" />
          </TextLine>
          <TextLine ID="TextLine_1262" HPOS="317" VPOS="2432" WIDTH="1370" HEIGHT="48">
            <String CONTENT="it" ID="Word_9626" HPOS="317" VPOS="2438" WIDTH="27" HEIGHT="33" />
            <SP ID="SP_8369" HPOS="345" VPOS="2444" WIDTH="27" HEIGHT="0" />
            <String CONTENT="as" ID="Word_9627" HPOS="373" VPOS="2450" WIDTH="35" HEIGHT="22" />
            <SP ID="SP_8370" HPOS="409" VPOS="2446" WIDTH="37" HEIGHT="0" />
            <String CONTENT="one" ID="Word_9628" HPOS="447" VPOS="2445" WIDTH="68" HEIGHT="23" />
            <SP ID="SP_8371" HPOS="516" VPOS="2445" WIDTH="27" HEIGHT="0" />
            <String CONTENT="of" ID="Word_9629" HPOS="544" VPOS="2433" WIDTH="39" HEIGHT="34" />
            <SP ID="SP_8372" HPOS="584" VPOS="2433" WIDTH="28" HEIGHT="0" />
            <String CONTENT="the" ID="Word_9630" HPOS="613" VPOS="2438" WIDTH="61" HEIGHT="30" />
            <SP ID="SP_8373" HPOS="675" VPOS="2444" WIDTH="29" HEIGHT="0" />
            <String CONTENT="principal" ID="Word_9631" HPOS="705" VPOS="2432" WIDTH="172" HEIGHT="48" />
            <SP ID="SP_8374" HPOS="878" VPOS="2432" WIDTH="19" HEIGHT="0" />
            <String CONTENT="peculi.arities" ID="Word_9632" HPOS="898" VPOS="2432" WIDTH="239" HEIGHT="47" />
            <SP ID="SP_8375" HPOS="1138" VPOS="2433" WIDTH="16" HEIGHT="0" />
            <String CONTENT="in" ID="Word_9633" HPOS="1155" VPOS="2433" WIDTH="37" HEIGHT="36" />
            <SP ID="SP_8376" HPOS="1193" VPOS="2432" WIDTH="17" HEIGHT="0" />
            <String CONTENT="Simia" ID="Word_9634" HPOS="1211" VPOS="2432" WIDTH="127" HEIGHT="36" />
            <SP ID="SP_8377" HPOS="1339" VPOS="2443" WIDTH="17" HEIGHT="0" />
            <String CONTENT="satyrus.'&quot;-~^DvL" ID="Word_9635" HPOS="1357" VPOS="2433" WIDTH="330" HEIGHT="36" />
          </TextLine>
          <TextLine ID="TextLine_1263" HPOS="316" VPOS="2496" WIDTH="1373" HEIGHT="48">
            <String CONTENT="Trail." ID="Word_9636" HPOS="316" VPOS="2501" WIDTH="138" HEIGHT="36" />
            <SP ID="SP_8378" HPOS="455" VPOS="2500" WIDTH="60" HEIGHT="0" />
            <String CONTENT="Account" ID="Word_9637" HPOS="516" VPOS="2500" WIDTH="179" HEIGHT="35" />
            <SP ID="SP_8379" HPOS="696" VPOS="2502" WIDTH="18" HEIGHT="0" />
            <String CONTENT="of" ID="Word_9638" HPOS="715" VPOS="2497" WIDTH="46" HEIGHT="47" />
            <SP ID="SP_8380" HPOS="762" VPOS="2497" WIDTH="23" HEIGHT="0" />
            <String CONTENT="Black" ID="Word_9639" HPOS="786" VPOS="2497" WIDTH="128" HEIGHT="37" />
            <SP ID="SP_8381" HPOS="915" VPOS="2497" WIDTH="33" HEIGHT="0" />
            <String CONTENT="Orang." ID="Word_9640" HPOS="949" VPOS="2498" WIDTH="155" HEIGHT="36" />
            <SP ID="SP_8382" HPOS="1105" VPOS="2497" WIDTH="56" HEIGHT="0" />
            <String CONTENT="Wem," ID="Word_9641" HPOS="1162" VPOS="2497" WIDTH="133" HEIGHT="37" />
            <SP ID="SP_8383" HPOS="1296" VPOS="2496" WIDTH="30" HEIGHT="0" />
            <String CONTENT="Soc." ID="Word_9642" HPOS="1327" VPOS="2496" WIDTH="79" HEIGHT="38" />
            <SP ID="SP_8384" HPOS="1407" VPOS="2497" WIDTH="35" HEIGHT="0" />
            <String CONTENT="Ti-ans," ID="Word_9643" HPOS="1443" VPOS="2497" WIDTH="127" HEIGHT="39" />
            <SP ID="SP_8385" HPOS="1571" VPOS="2497" WIDTH="28" HEIGHT="0" />
            <String CONTENT="VoL" ID="Word_9644" HPOS="1600" VPOS="2497" WIDTH="89" HEIGHT="38" />
          </TextLine>
          <TextLine ID="TextLine_1264" HPOS="317" VPOS="2564" WIDTH="199" HEIGHT="49">
            <String CONTENT="iii^" ID="Word_9645" HPOS="317" VPOS="2567" WIDTH="47" HEIGHT="44" />
            <SP ID="SP_8386" HPOS="365" VPOS="2581" WIDTH="23" HEIGHT="0" />
            <String CONTENT="p." ID="Word_9646" HPOS="389" VPOS="2581" WIDTH="33" HEIGHT="32" />
            <SP ID="SP_8387" HPOS="423" VPOS="2566" WIDTH="25" HEIGHT="0" />
            <String CONTENT="29." ID="Word_9647" HPOS="449" VPOS="2564" WIDTH="67" HEIGHT="38" />
          </TextLine>
        </TextBlock>
      </PrintSpace>
    </Page>
  </Layout>
</alto>
