2113 3404
328 184 84 41 300

817 200 87 30 THE
936 201 241 33 DISORDERS
1209 203 52 30 OF
1294 203 173 31 SPEECH.

330 327 51 27 an
417 318 292 52 expressional
742 318 208 56 language
983 321 46 40 of
1057 321 113 42 their
1191 335 107 28 own,
1320 322 64 41 for
1418 321 71 42 the
1512 334 204 42 purposes
1737 321 43 41 of
1805 321 137 41 which

331 384 104 56 they
459 387 171 55 employ
653 388 161 55 largely
838 389 72 42 the
944 404 115 28 same
1091 405 152 41 organs
1275 405 45 28 as
1342 405 69 28 arc
1434 391 223 55 employed
1680 390 56 41 by
1762 404 94 27 man
1882 391 62 40 for

331 456 227 43 articulate
582 459 168 54 speech,
779 460 89 49 viz.,
891 460 72 42 the
992 475 130 41 organ
1150 462 45 41 of
1223 475 129 29 voice,
1377 462 85 41 and
1485 461 72 42 the
1582 460 184 42 muscles
1794 466 148 34 within

332 525 85 41 and
440 527 165 41 around
638 528 73 42 the
745 530 158 40 mouth.
968 530 240 43 Therefore,
1228 531 44 41 in
1296 532 225 54 analysing
1545 531 71 41 the
1638 530 140 41 action
1801 530 45 40 of
1874 529 72 41 the

335 601 137 37 motor
505 602 146 38 centre
684 599 43 40 in
763 599 119 43 these
914 601 195 41 animals,
1131 601 84 41 and
1240 602 44 40 in
1306 601 223 42 localising
1562 601 71 41 the
1658 613 169 28 various
1847 599 99 41 sub-

333 671 167 38 centres
537 669 229 41 contained
796 670 150 41 within
984 671 35 40 it
1051 671 124 54 (such
1215 685 44 27 as
1296 672 95 40 that
1428 672 64 40 for
1528 671 230 41 adduction
1796 670 46 41 of
1875 669 71 42 the

335 736 118 42 vocal
494 738 134 50 cords,
655 739 83 40 and
779 739 120 41 those
939 740 63 40 for
1038 745 269 37 movements
1343 741 46 41 of
1423 740 72 42 the
1530 740 83 54 lips
1644 739 84 41 and
1760 738 189 54 tongue),

334 807 313 55 experimental
675 809 255 54 physiology
960 809 36 42 is
1028 810 123 41 fitted
1185 815 41 36 to
1260 810 133 41 throw
1429 810 124 41 much
1587 809 110 54 light
1731 822 110 40 upon
1877 808 71 40 the

333 878 285 40 constitution
643 879 43 40 of
709 879 73 41 the
808 884 136 36 motor
966 885 145 36 centre
1135 879 42 41 in
1202 880 73 41 the
1297 880 161 40 human
1481 879 176 54 subject.

394 948 61 41 At
477 962 106 40 page
600 947 85 45 478
704 950 46 40 of
768 950 65 40 Dr
855 949 199 41 Ferrier's
1079 949 116 42 work
1218 963 55 28 on
1298 950 83 41 The
1407 950 220 40 Functions
1647 948 49 41 of
1717 948 63 40 the
1801 947 150 50 Brain,

336 1018 87 41 2nd
456 1018 76 42 ed.,
556 1019 72 41 the
662 1019 146 41 reader
832 1020 87 40 will
952 1019 102 51 find,
1077 1019 45 43 in
1145 1020 72 42 the
1241 1020 189 54 diagram
1460 1018 194 42 showing
1687 1017 71 42 the
1779 1017 172 41 cortical

335 1094 168 37 centres
540 1089 44 41 in
625 1090 72 41 the
737 1090 162 41 human
938 1091 136 40 brain,
1095 1090 97 41 that
1229 1091 64 40 Dr
1329 1090 165 41 Ferrier
1529 1089 76 41 has
1637 1087 213 41 indicated
1879 1087 71 40 the

335 1164 139 37 motor
491 1164 145 37 centre
656 1161 64 41 for
736 1161 154 55 speech
910 1161 56 41 by
990 1175 24 27 a
1036 1160 125 42 circle
1179 1161 149 52 (9*10),
1348 1160 152 40 within
1524 1158 136 42 which
1684 1158 52 41 he
1758 1157 192 41 includes

334 1230 69 55 (1)
435 1230 73 42 the
543 1231 176 41 vertical
752 1236 108 50 part,
881 1246 48 26 or
960 1237 20 15 "
996 1232 124 41 foot,"
1143 1233 44 39 of
1218 1231 71 41 the
1323 1231 114 41 third
1471 1229 154 42 frontal
1653 1232 299 46 convolution;

335 1301 68 55 (2)
435 1301 73 41 the
539 1306 22 16 "
576 1302 124 41 foot"
730 1303 46 40 of
801 1302 72 42 the
896 1302 231 42 ascending
1151 1301 157 41 frontal
1330 1306 304 36 convolution;
1664 1298 82 41 and
1770 1297 64 55 (3)
1857 1302 94 49 part

336 1372 47 40 of
400 1371 74 41 the
496 1375 20 17 "
534 1371 124 42 foot"
680 1373 44 40 of
747 1373 73 41 the
837 1373 231 54 ascending
1087 1371 188 55 parietal.
1338 1371 89 41 The
1444 1384 96 28 area
1561 1369 101 42 thus
1685 1367 266 43 demarcated

337 1443 36 41 is
411 1443 97 41 that
542 1443 140 41 which
715 1443 36 41 is
784 1457 96 27 now
912 1443 165 41 termed
1110 1447 19 16 "
1146 1442 168 41 Broca's
1347 1439 312 44 convolution."
1722 1439 63 54 By
1818 1438 134 41 Broca

337 1513 177 41 himself
539 1514 35 40 it
605 1527 84 28 was
723 1514 162 41 termed
919 1514 73 40 the
1025 1518 19 16 "
1064 1512 296 55 Operculum,"
1384 1513 178 40 because
1585 1511 35 40 it
1641 1523 146 28 covers
1819 1508 86 41 like
1929 1522 22 26 a

336 1584 73 50 lid,
432 1584 84 41 and
548 1584 123 42 hides
705 1585 108 41 from
837 1585 119 40 view,
980 1584 72 41 the
1074 1597 133 41 group
1240 1584 43 40 of
1315 1587 117 37 short
1463 1581 298 42 convolutions
1793 1593 54 27 on
1879 1578 73 42 the

336 1655 106 40 floor
475 1655 44 41 of
553 1655 73 41 the
660 1655 170 41 Fissure
866 1655 45 40 of
943 1654 176 41 Sylvius
1155 1654 157 40 known
1335 1667 45 27 as
1403 1653 72 40 the
1503 1651 143 42 Island
1668 1651 46 41 of
1738 1649 109 43 Eeil.
1910 1649 41 40 It

339 1724 89 42 will
453 1726 49 40 be
535 1725 206 41 observed
776 1725 94 41 that
903 1725 86 41 this
1022 1724 248 54 operculum
1304 1722 288 55 corresponds,
1614 1735 53 27 on
1693 1721 71 41 the
1787 1733 163 28 surface

1334 1838 22 30 2

1096 2835 66 25 Fig.
1175 2835 24 25 6.

338 2912 46 41 of
404 2910 73 42 the
499 2909 135 42 brain,
659 2914 41 35 to
723 2907 73 42 the
820 2906 125 42 angle
968 2906 197 41 between
1188 2903 74 43 the
1280 2907 116 38 short
1415 2902 230 55 ascending
1664 2900 82 42 and
1765 2900 72 41 the
1854 2898 99 55 long

338 2979 237 44 horizontal
615 2978 161 42 branch
820 2978 44 41 of
901 2977 72 41 the
1012 2976 173 42 Fissure
1223 2975 46 41 of
1308 2973 185 43 Sylvius.
1557 2972 165 44 Ferrier
1757 2971 56 54 (p.
1849 2968 105 54 481)
