2107 3450
278 314 88 31 THE
397 310 163 34 ACTION
594 309 54 32 OF
680 308 89 31 THE
801 307 170 32 SPEECH
1004 305 198 35 CENTRES
1234 307 48 31 IN
1316 307 226 33 INSANITY.
1653 297 85 42 199

82 433 184 57 implied
289 434 56 41 by
370 432 74 42 the
467 444 221 29 existence
711 428 44 42 of
778 427 74 42 the
877 427 158 42 former
1056 426 140 43 alone.
1260 426 71 42 He
1351 427 139 52 holds,
1509 427 233 52 therefore,

80 506 97 42 that
207 506 73 42 the
312 516 226 44 prognosis
571 501 47 41 in
651 513 119 30 cases
801 499 46 42 of
884 498 333 57 psycho-motor
1254 498 326 43 hallucination
1618 503 123 38 must

82 577 163 42 always
268 577 52 42 be
343 588 105 42 very
470 587 144 42 grave.

140 650 36 40 3.
216 648 82 41 The
345 645 299 43 Word-Seeing
681 642 244 44 Centre.—I
968 642 56 42 do
1062 646 78 38 not
1183 641 131 43 think
1351 641 37 43 it
1424 641 38 43 is
1512 641 228 57 generally

81 720 161 41 known
277 718 98 42 that
408 730 158 29 among
599 729 103 29 sane
729 713 157 57 people
919 714 144 43 visual
1095 713 358 52 hallucinations,
1489 713 45 43 of
1565 713 177 43 various

80 790 144 42 kinds,
259 803 73 28 are
368 788 46 42 of
444 792 78 38 not
554 801 105 29 very
682 800 267 28 uncommon
982 800 261 29 occurrence
1275 785 47 43 in
1356 785 168 43 certain
1556 785 187 43 circum-

80 864 183 37 stances.
340 858 122 55 They
505 870 102 41 may
650 869 141 37 occur,
833 855 67 42 for
942 855 218 56 example,
1202 860 46 38 at
1300 855 141 56 night,
1484 854 131 43 when
1667 854 76 43 the

78 928 249 44 individual
369 928 80 43 has
491 927 185 43 reached
718 927 76 43 the
842 927 284 43 border-land
1178 927 200 43 between
1428 926 176 57 waking
1655 925 88 44 and

81 1016 222 42 sleeping;
335 1000 99 43 and,
457 1000 45 42 of
534 1013 164 37 course,
721 999 104 43 they
850 999 111 42 form
993 1014 25 28 a
1050 1014 106 40 very
1195 999 243 57 important
1470 1002 195 39 element
1696 997 48 43 in

83 1074 183 43 dreams.
328 1073 127 43 More
481 1071 156 57 rarely,
659 1086 25 27 a
715 1085 105 29 sane
853 1086 158 41 person
1046 1086 101 41 may
1180 1072 259 42 experience
1473 1071 122 42 them
1634 1075 109 37 with

83 1145 276 43 exceptional
381 1144 224 43 vividness
627 1143 36 43 if
694 1143 70 43 his
786 1143 126 43 brain
946 1144 53 42 be
1032 1143 244 44 exhausted
1306 1144 58 42 by
1389 1148 118 38 want
1535 1143 48 43 of
1611 1157 134 38 sleep,

83 1231 49 28 or
164 1218 58 54 by
255 1217 233 42 overwork.
553 1216 56 42 In
636 1215 107 44 such
777 1230 24 27 a
833 1215 238 43 condition,
1096 1215 54 43 he
1182 1230 104 41 may
1313 1215 112 43 have
1458 1216 122 42 them
1614 1215 130 43 when

83 1288 56 43 he
161 1289 153 42 thinks
337 1288 182 43 himself
540 1287 111 43 wide
674 1287 163 50 awake,
859 1286 35 43 if
916 1287 55 43 he
994 1287 53 43 be
1074 1287 48 42 in
1146 1287 75 42 the
1239 1287 121 50 dark,
1384 1301 49 28 or
1456 1286 166 44 merely
1639 1291 107 38 shut

83 1359 70 42 his
176 1373 111 29 eyes.
353 1359 23 41 1
399 1358 112 43 have
533 1357 164 57 myself
714 1362 91 38 met
829 1357 107 43 with
965 1357 164 43 several
1156 1358 246 42 instances:
1435 1372 120 28 some
1585 1372 160 42 among

83 1445 76 41 my
182 1430 191 56 hospital
394 1429 206 57 patients,
630 1429 146 43 whose
798 1429 153 43 illness
974 1429 88 43 had
1083 1429 222 56 produced
1331 1429 241 56 persistent
1605 1429 141 56 sleep-

81 1503 190 42 lessness
287 1519 9 37 ;
317 1502 87 42 and
430 1507 84 37 two
542 1501 46 42 in
606 1500 288 56 professional
913 1515 111 28 men,
1044 1501 97 42 who
1160 1501 87 42 had
1266 1501 110 42 been
1394 1501 127 43 made
1536 1501 210 56 sleepless

82 1574 59 42 by
174 1574 225 42 overwork
437 1573 86 42 and
555 1572 288 56 professional
879 1586 151 29 worry.
1095 1573 23 42 I
1152 1573 124 56 quite
1309 1573 170 43 believe
1512 1573 98 42 that
1649 1588 94 29 sys-

80 1645 179 43 tematic
292 1645 180 56 inquiry
501 1644 146 42 would
679 1644 120 42 show
833 1644 98 42 that
953 1644 311 43 sleeplessness
1287 1644 38 43 is
1353 1644 180 57 capable
1568 1645 48 42 of
1644 1660 100 42 pro-

81 1716 162 43 ducing
265 1716 121 43 them
414 1716 47 42 in
489 1715 155 57 people
677 1715 45 43 of
753 1729 89 43 any
866 1716 124 51 class,
1015 1716 168 57 though
1216 1716 107 56 they
1356 1716 53 43 be
1442 1717 228 56 possessed
1703 1718 49 43 of

80 1803 182 28 average
294 1787 163 44 health.
522 1788 56 42 In
616 1802 75 42 my
715 1788 271 56 experience,
1008 1788 75 43 the
1117 1794 274 37 commonest
1422 1788 324 45 hallucination

80 1861 49 42 in
149 1861 109 43 such
281 1875 120 28 cases
424 1861 37 42 is
484 1860 75 43 the
587 1874 272 42 appearance
882 1861 44 42 of
958 1874 25 28 a
1005 1860 110 42 kind
1139 1861 44 41 of
1215 1860 238 44 colourless
1486 1862 262 43 wall-paper

80 1939 189 51 pattern,
292 1933 144 43 which
459 1947 102 43 may
589 1933 197 56 possibly
810 1933 53 43 be
886 1933 81 42 but
989 1947 24 28 a
1035 1933 161 56 partial
1218 1934 169 43 revival
1419 1934 47 43 of
1495 1934 76 44 the
1603 1935 144 44 image

83 2006 46 41 of
149 2005 74 43 the
246 2005 258 56 wall-paper
531 2010 175 51 pattern
732 2005 44 42 of
800 2005 74 42 the
897 2010 207 51 patient's
1127 2004 207 44 bedroom
1357 2021 47 27 or
1435 2006 311 44 sitting-room,

82 2078 82 41 but
187 2077 155 52 which,
366 2077 22 42 I
411 2077 142 51 think,
576 2077 36 42 is
636 2091 119 29 more
777 2077 212 55 probably
1013 2091 26 28 a
1060 2077 196 43 creation
1279 2078 49 42 de
1359 2093 114 37 novo,
1496 2093 47 29 as
1574 2080 38 42 it
1643 2094 104 42 may

83 2148 178 56 change,
283 2148 91 43 like
398 2148 75 42 the
495 2152 176 52 pattern
693 2148 47 42 in
762 2163 26 28 a
810 2148 317 57 kaleidoscope,
1151 2150 130 42 while
1309 2150 37 42 it
1379 2151 37 43 is
1448 2151 130 57 being
1609 2152 135 56 gazed

82 2225 59 39 at.
206 2221 55 41 In
284 2221 263 55 aggravated
580 2235 130 37 cases,
738 2220 60 43 all
830 2220 133 43 kinds
996 2221 48 42 of
1077 2221 168 43 visions
1282 2237 163 41 appear
1483 2223 148 44 before
1670 2225 75 42 the

81 2292 168 43 mental
283 2307 90 42 eye,
400 2292 87 42 and
527 2292 104 57 they
665 2307 102 42 may
801 2293 53 43 be
886 2306 48 29 so
965 2292 125 43 vivid
1127 2307 47 29 as
1213 2299 44 37 to
1296 2295 52 43 be
1385 2295 212 44 endowed
1636 2304 109 35 witli

80 2364 175 42 natural
305 2364 236 43 colouring.
620 2364 74 42 An
738 2364 283 43 overworked
1064 2365 291 55 professional
1394 2381 101 27 man
1536 2366 145 43 whom
1720 2369 24 42 I

78 2436 211 43 attended
317 2436 86 43 had
425 2436 186 43 reached
636 2436 87 43 this
746 2441 146 52 stage;
914 2436 82 43 but
1018 2451 82 29 one
1118 2436 411 58 sleeping-draught
1545 2439 104 42 took
1669 2439 75 44 the

78 2509 149 43 colour
259 2513 78 38 out
368 2509 48 42 of
455 2508 68 44 his
556 2508 206 57 pictures,
795 2509 87 42 and
914 2508 198 44 another,
1146 2524 56 28 on
1235 2509 76 45 the
1343 2510 227 58 following
1602 2512 142 43 night,

78 2581 212 43 banished
315 2581 119 43 them
465 2586 254 51 altogether.

139 2654 127 42 Some
288 2669 127 42 years
445 2669 78 42 ago
548 2655 21 42 I
594 2654 98 52 had,
714 2654 47 42 in
784 2669 77 42 my
884 2654 142 44 wards
1050 2659 45 39 at
1119 2656 75 43 the
1216 2656 144 57 Eoyal
1383 2657 249 58 Infirmary,
1655 2662 88 40 two

77 2725 218 56 patients:
348 2741 82 29 one
462 2741 25 28 a
521 2726 295 57 middle-aged
850 2741 104 29 man
989 2727 108 44 with
1129 2729 264 56 aggravated
1417 2732 327 53 neurasthenia,

80 2797 73 43 the
176 2797 123 43 other
328 2812 25 28 a
373 2798 87 56 boy
478 2798 108 43 with
611 2799 176 43 chronic
806 2800 258 56 meningitis
1087 2801 47 42 of
1153 2801 252 43 tubercular
1426 2803 154 56 origin,
1598 2804 146 43 which

79 2869 162 56 proved
268 2869 107 42 fatal
399 2870 111 43 after
543 2885 25 28 a
591 2885 151 29 course
769 2871 45 44 of
845 2872 106 43 nine
984 2873 363 54 months,—both
1374 2875 48 42 of
1451 2875 146 43 whom
1631 2891 113 28 were

80 2940 201 43 troubled
311 2941 106 42 with
441 2942 141 43 visual
605 2943 345 44 hallucinations
974 2944 235 44 whenever
1231 2946 108 57 they
1361 2946 107 44 shut
1494 2947 116 43 their
1641 2962 103 42 eyes

80 3026 47 27 or
151 3026 110 28 were
290 3012 46 42 in
359 3012 75 44 the
456 3013 118 44 dark.
639 3014 55 43 In
716 3016 107 42 both
848 3016 22 42 I
904 3016 129 43 could
1067 3017 86 43 call
1185 3033 60 41 up
1284 3018 75 43 the
1396 3019 348 44 hallucinations

80 3083 59 56 by
168 3084 263 55 suggestion.
494 3085 64 43 At
590 3101 74 41 my
688 3087 119 43 ward
843 3087 139 52 visits,
1007 3089 63 42 for
1104 3089 215 56 example,
1349 3091 22 41 I
1410 3091 108 42 used
1550 3096 43 37 to
1631 3091 113 43 have

80 3154 109 44 such
218 3157 326 43 conversations
568 3172 46 29 as
639 3158 73 44 the
736 3158 224 59 following
989 3160 109 43 with
1132 3160 76 44 the
1241 3161 98 58 boy,
1372 3161 56 44 he
1450 3162 191 57 keeping
1674 3162 69 43 his
