1972 3202
400 304 91 40 110

816 308 93 30 THE
934 308 169 31 ACTIVE
1127 307 183 32 GIBBON.

471 435 97 45 The
602 434 92 45 face
724 434 37 45 is
790 434 163 53 naked;,
990 433 89 45 and
1102 433 50 45 of
1167 449 26 28 a
1209 431 318 46 bluish-black.
1595 431 54 44 In
1674 429 77 46 the

396 512 135 53 male;,
560 517 79 39 the
679 511 159 45 cheeks
874 509 90 45 and
998 525 27 29 a
1058 509 286 61 superciliary
1380 508 120 46 band
1536 523 74 30 are
1649 507 50 46 of
1727 523 27 29 a

395 588 414 62 yellowish-white,
828 586 270 61 beautifully
1113 592 272 54 contrasting
1408 585 113 45 with
1544 592 77 38 the
1640 600 114 30 clear

394 665 403 45 chocolate-brown
822 663 49 45 of
891 669 78 39 the
992 679 140 44 upper
1153 661 103 46 half
1270 661 51 46 of
1345 663 77 44 the
1445 663 148 60 body;
1630 662 124 44 these

394 757 152 29 marks
591 756 73 30 are
710 740 203 61 wanting
951 739 46 45 in
1037 740 78 44 the
1158 739 161 45 female
1371 739 283 60 represented
1700 754 54 29 on

395 834 82 30 our
498 818 135 60 plate.
671 818 97 44 The
791 817 135 44 lower
949 816 275 45 extremities
1248 831 73 29 are
1340 815 49 46 of
1403 822 78 39 the
1506 831 122 29 same
1647 816 109 44 dark

396 895 161 53 colour,
583 894 88 44 and
694 893 78 45 the
804 893 137 45 lower
962 899 100 54 part
1086 891 49 46 of
1160 893 78 44 the
1260 894 127 53 back,
1414 893 90 45 and
1537 892 90 46 fore
1657 901 100 52 part

396 970 50 46 of
462 977 77 38 the
562 970 165 60 thighs,
754 985 73 29 are
846 969 48 45 of
910 985 26 28 a
955 969 426 61 yellowish-brown.
1435 971 97 44 The
1556 970 136 45 shade
1717 969 47 46 of

396 1055 79 37 the
499 1062 161 38 colour,
686 1045 49 46 of
757 1046 108 45 both
888 1046 78 45 the
990 1046 110 44 dark
1124 1046 88 44 and
1234 1046 115 61 light
1372 1053 137 53 parts,
1533 1047 222 52 however,

399 1140 112 46 vary
535 1123 307 61 considerably
860 1123 230 60 according
1111 1129 45 38 to
1180 1138 95 45 age,
1295 1123 90 45 and
1399 1124 78 44 the
1499 1124 114 60 light
1636 1131 122 53 parts

397 1216 156 39 above,
571 1206 255 39 sometimes
842 1215 167 45 occupy
1027 1215 27 29 a
1070 1215 172 45 greater
1259 1215 47 30 or
1319 1200 134 46 lesser
1471 1216 141 30 space.
1663 1201 96 45 The

398 1278 100 45 hair
520 1278 47 45 in
590 1278 189 60 healthy
804 1277 191 45 animals
1018 1276 38 45 is
1080 1292 115 29 clear
1218 1277 89 45 and
1331 1277 104 55 fine,
1461 1285 157 38 except
1642 1293 117 45 upon

399 1362 79 37 the
516 1370 128 37 neck,
670 1369 149 29 where
858 1353 37 45 it
929 1355 202 44 becomes
1160 1354 286 60 lengthened,
1489 1355 89 45 and
1618 1370 142 30 some-

401 1433 127 44 what
567 1432 164 60 woolly
776 1447 47 30 or
866 1431 163 45 curled.
1121 1431 97 44 The
1269 1447 152 46 young
1471 1447 74 30 are
1590 1432 171 60 always

401 1509 138 46 much
571 1509 124 60 paler
727 1508 47 45 in
808 1508 147 46 colour
986 1514 115 38 than
1123 1514 79 38 the
1225 1508 165 54 adults,
1416 1524 47 30 or
1484 1516 127 38 those
1634 1516 46 38 at
1705 1525 56 29 an

410 1586 229 45 advanced
670 1601 94 45 age,
801 1585 90 45 and
916 1591 79 38 the
1023 1600 110 45 very
1156 1600 152 45 young
1338 1585 191 45 animals
1563 1601 73 29 are
1660 1585 50 46 of
1738 1602 25 28 a

407 1662 192 45 uniform
615 1662 414 60 yellowish-white.
1100 1662 96 44 The
1214 1662 177 60 general
1405 1662 154 60 height
1570 1663 193 60 scarcely

406 1739 185 45 exceeds
615 1745 92 38 two
730 1736 89 47 feet
842 1753 134 30 seven
1000 1753 47 30 or
1069 1737 122 45 eight
1220 1737 166 55 inches,
1412 1739 89 44 and
1534 1744 78 39 the
1646 1754 117 29 anns

405 1816 132 46 reach
559 1822 79 39 the
660 1815 171 61 ground
853 1815 134 45 when
1009 1821 78 39 the
1111 1815 169 45 animal
1305 1830 155 30 stands
1484 1823 130 37 erect.

478 1893 132 60 They
650 1908 74 29 are
763 1892 216 45 endowed
1023 1891 114 46 with
1177 1891 242 62 surprising
1463 1892 174 61 agility,
1679 1893 90 44 and

413 1970 119 46 their
581 1970 114 45 light
753 1968 112 46 form
918 1970 90 44 and
1059 1984 378 46 slender-looking
1492 1968 277 47 extremities

408 2047 162 61 hardly
593 2062 99 45 give
726 2062 59 29 an
818 2046 101 46 idea
953 2045 49 47 of
1026 2052 79 40 the
1138 2052 124 55 great
1295 2046 298 61 muscularity
1623 2047 148 44 which

410 2131 111 53 they
544 2129 123 39 must
690 2139 184 44 possess.
942 2122 50 46 If
1001 2130 78 38 the
1097 2130 199 39 extreme
1313 2130 93 38 tree
1421 2139 56 29 on
1495 2124 77 44 the
1595 2124 176 45 borders

413 2199 49 46 of
488 2215 27 29 a
537 2199 132 45 forest
693 2215 81 29 can
798 2201 54 43 be
875 2200 187 45 reached
1091 2201 63 58 by
1176 2200 142 53 them,
1343 2199 36 45 it
1403 2199 95 45 will
1520 2201 54 43 be
1597 2200 46 44 in
1667 2199 105 45 vain

415 2285 46 37 to
492 2291 164 46 pursue
679 2275 191 54 farther;
906 2283 111 53 they
1042 2276 156 60 swing,
1228 2276 114 60 leap,
1368 2291 104 38 and,
1503 2291 48 29 as
1580 2276 36 44 it
1641 2292 132 38 were,

416 2355 146 44 throw
596 2353 269 44 themselves
899 2351 111 46 from
1045 2367 81 30 one
1160 2358 94 39 tree
1282 2358 47 40 to
1359 2359 201 47 another,
1586 2353 192 61 clearing

419 2437 47 40 at
510 2437 133 38 times
690 2445 28 29 a
763 2445 128 29 space
938 2428 50 46 of
1028 2428 116 62 forty
1185 2428 104 55 feet,
1336 2428 115 46 with
1502 2445 28 29 a
1580 2430 198 60 rapidity

421 2507 148 45 which
616 2505 133 46 defies
800 2522 92 45 any
937 2506 254 60 pedestrian
1240 2521 200 45 pursuer.
1542 2507 155 45 When
1755 2521 23 30 a

424 2584 173 45 slender
635 2583 166 46 branch
841 2599 81 29 can
962 2584 53 45 be
1051 2583 199 62 grasped,
1283 2583 78 46 the
1400 2583 120 61 body
1553 2583 38 48 is
1626 2598 151 46 swung
