<?xml version="1.0" encoding="UTF-8"?>
<alto xmlns="http://www.loc.gov/standards/alto/ns-v2#" xmlns:xsi="http://www.w3.org/2001/XMLSchema-instance" xsi:schemaLocation="http://www.loc.gov/standards/alto/ns-v2# http://www.loc.gov/standards/alto/alto.xsd">
  <Description>
    <MeasurementUnit>pixel</MeasurementUnit>
    <sourceImageInformation>
      <fileName>b20392321_abbyy.xml</fileName>
    </sourceImageInformation>
    <OCRProcessing ID="OCR_1">
      <preProcessingStep>
        <processingDateTime>2015-06-16T02:11:33</processingDateTime>
        <processingAgency>intranda GmbH, www.intranda.com</processingAgency>
        <processingSoftware>
          <softwareCreator>intranda GmbH, Germany</softwareCreator>
          <softwareName>intranda OCR Module for TaskManager</softwareName>
          <softwareVersion>1.0r42</softwareVersion>
        </processingSoftware>
      </preProcessingStep>
      <ocrProcessingStep>
        <processingSoftware>
          <softwareCreator>ABBYY (BIT Software), Russia</softwareCreator>
          <softwareName>FineReader Engine</softwareName>
          <softwareVersion>10</softwareVersion>
        </processingSoftware>
      </ocrProcessingStep>
    </OCRProcessing>
  </Description>
  <Layout>
    <Page PHYSICAL_IMG_NR="46" ID="PAGE_46" WIDTH="1933" HEIGHT="3302">
      <TopMargin ID="TopMargin_1" HPOS="229" VPOS="164" WIDTH="1252" HEIGHT="49">
        <TextBlock ID="TextBlock_179" HPOS="229" VPOS="164" WIDTH="1252" HEIGHT="49">
          <TextLine ID="TextLine_1860" HPOS="591" VPOS="167" WIDTH="890" HEIGHT="46">
            <String ID="Word_16320" HPOS="591" VPOS="167" WIDTH="414" HEIGHT="46" CONTENT="Ansteckungsfahigkeit" />
            <SP ID="SP_14465" HPOS="1005" VPOS="167" WIDTH="22" HEIGHT="0" />
            <String ID="Word_16321" HPOS="1027" VPOS="175" WIDTH="70" HEIGHT="31" CONTENT="und" />
            <SP ID="SP_14466" HPOS="1097" VPOS="174" WIDTH="24" HEIGHT="0" />
            <String ID="Word_16322" HPOS="1121" VPOS="174" WIDTH="360" HEIGHT="36" CONTENT="Verbreitungsweise." />
          </TextLine>
          <TextLine ID="TextLine_1859" HPOS="229" VPOS="164" WIDTH="52" HEIGHT="39">
            <String ID="Word_16319" HPOS="229" VPOS="164" WIDTH="52" HEIGHT="39" CONTENT="26" />
          </TextLine>
        </TextBlock>
      </TopMargin>
      <PrintSpace ID="PrintSpace_47" HPOS="218" VPOS="266" WIDTH="1626" HEIGHT="2769">
        <TextBlock ID="TextBlock_178" HPOS="218" VPOS="266" WIDTH="1626" HEIGHT="2769">
          <TextLine ID="TextLine_1861" HPOS="227" VPOS="272" WIDTH="1607" HEIGHT="60">
            <String ID="Word_16323" HPOS="227" VPOS="272" WIDTH="186" HEIGHT="52" CONTENT="heutigen" />
            <SP ID="SP_14467" HPOS="413" VPOS="272" WIDTH="31" HEIGHT="0" />
            <String ID="Word_16324" HPOS="444" VPOS="274" WIDTH="250" HEIGHT="51" CONTENT="Standpunkt" />
            <SP ID="SP_14468" HPOS="694" VPOS="274" WIDTH="30" HEIGHT="0" />
            <String ID="Word_16325" HPOS="724" VPOS="278" WIDTH="67" HEIGHT="38" CONTENT="der" />
            <SP ID="SP_14469" HPOS="791" VPOS="278" WIDTH="29" HEIGHT="0" />
            <String ID="Word_16326" HPOS="820" VPOS="278" WIDTH="225" HEIGHT="52" CONTENT="Antiseptik" />
            <SP ID="SP_14470" HPOS="1045" VPOS="278" WIDTH="31" HEIGHT="0" />
            <String ID="Word_16327" HPOS="1076" VPOS="282" WIDTH="38" HEIGHT="38" CONTENT="in" />
            <SP ID="SP_14471" HPOS="1114" VPOS="282" WIDTH="30" HEIGHT="0" />
            <String ID="Word_16328" HPOS="1144" VPOS="284" WIDTH="66" HEIGHT="37" CONTENT="das" />
            <SP ID="SP_14472" HPOS="1210" VPOS="284" WIDTH="23" HEIGHT="0" />
            <String ID="Word_16329" HPOS="1233" VPOS="284" WIDTH="310" HEIGHT="43" CONTENT="Verbandwesen" />
            <SP ID="SP_14473" HPOS="1543" VPOS="284" WIDTH="30" HEIGHT="0" />
            <String ID="Word_16330" HPOS="1573" VPOS="292" WIDTH="77" HEIGHT="37" CONTENT="und" />
            <SP ID="SP_14474" HPOS="1650" VPOS="292" WIDTH="21" HEIGHT="0" />
            <String ID="Word_16331" HPOS="1671" VPOS="293" WIDTH="59" HEIGHT="37" CONTENT="die" />
            <SP ID="SP_14475" HPOS="1730" VPOS="292" WIDTH="21" HEIGHT="0" />
            <String ID="Word_16332" HPOS="1751" VPOS="292" WIDTH="83" HEIGHT="40" CONTENT="An-" />
          </TextLine>
          <TextLine ID="TextLine_1862" HPOS="227" VPOS="326" WIDTH="1609" HEIGHT="59">
            <String ID="Word_16333" HPOS="227" VPOS="326" WIDTH="152" HEIGHT="39" CONTENT="sichten" />
            <SP ID="SP_14476" HPOS="379" VPOS="326" WIDTH="30" HEIGHT="0" />
            <String ID="Word_16334" HPOS="409" VPOS="328" WIDTH="67" HEIGHT="37" CONTENT="der" />
            <SP ID="SP_14477" HPOS="476" VPOS="328" WIDTH="29" HEIGHT="0" />
            <String ID="Word_16335" HPOS="505" VPOS="328" WIDTH="221" HEIGHT="53" CONTENT="damaligen" />
            <SP ID="SP_14478" HPOS="726" VPOS="328" WIDTH="30" HEIGHT="0" />
            <String ID="Word_16336" HPOS="756" VPOS="332" WIDTH="86" HEIGHT="38" CONTENT="Zeit" />
            <SP ID="SP_14479" HPOS="842" VPOS="332" WIDTH="30" HEIGHT="0" />
            <String ID="Word_16337" HPOS="872" VPOS="336" WIDTH="354" HEIGHT="48" CONTENT="zurückversetzen," />
            <SP ID="SP_14480" HPOS="1226" VPOS="336" WIDTH="32" HEIGHT="0" />
            <String ID="Word_16338" HPOS="1258" VPOS="341" WIDTH="98" HEIGHT="37" CONTENT="nach" />
            <SP ID="SP_14481" HPOS="1356" VPOS="341" WIDTH="29" HEIGHT="0" />
            <String ID="Word_16339" HPOS="1385" VPOS="341" WIDTH="172" HEIGHT="39" CONTENT="welchen" />
            <SP ID="SP_14482" HPOS="1557" VPOS="341" WIDTH="30" HEIGHT="0" />
            <String ID="Word_16340" HPOS="1587" VPOS="358" WIDTH="88" HEIGHT="24" CONTENT="man" />
            <SP ID="SP_14483" HPOS="1675" VPOS="346" WIDTH="29" HEIGHT="0" />
            <String ID="Word_16341" HPOS="1704" VPOS="346" WIDTH="37" HEIGHT="37" CONTENT="in" />
            <SP ID="SP_14484" HPOS="1741" VPOS="346" WIDTH="29" HEIGHT="0" />
            <String ID="Word_16342" HPOS="1770" VPOS="348" WIDTH="66" HEIGHT="37" CONTENT="der" />
          </TextLine>
          <TextLine ID="TextLine_1863" HPOS="226" VPOS="379" WIDTH="1610" HEIGHT="66">
            <String ID="Word_16343" HPOS="226" VPOS="379" WIDTH="96" HEIGHT="39" CONTENT="Luft" />
            <SP ID="SP_14485" HPOS="322" VPOS="379" WIDTH="30" HEIGHT="0" />
            <String ID="Word_16344" HPOS="352" VPOS="380" WIDTH="62" HEIGHT="39" CONTENT="die" />
            <SP ID="SP_14486" HPOS="414" VPOS="380" WIDTH="31" HEIGHT="0" />
            <String ID="Word_16345" HPOS="445" VPOS="383" WIDTH="288" HEIGHT="39" CONTENT="ansteckenden" />
            <SP ID="SP_14487" HPOS="733" VPOS="383" WIDTH="31" HEIGHT="0" />
            <String ID="Word_16346" HPOS="764" VPOS="384" WIDTH="121" HEIGHT="40" CONTENT="Stoffe" />
            <SP ID="SP_14488" HPOS="885" VPOS="384" WIDTH="31" HEIGHT="0" />
            <String ID="Word_16347" HPOS="916" VPOS="389" WIDTH="241" HEIGHT="39" CONTENT="vermuthete" />
            <SP ID="SP_14489" HPOS="1157" VPOS="389" WIDTH="38" HEIGHT="0" />
            <String ID="Word_16348" HPOS="1195" VPOS="392" WIDTH="78" HEIGHT="38" CONTENT="und" />
            <SP ID="SP_14490" HPOS="1273" VPOS="392" WIDTH="29" HEIGHT="0" />
            <String ID="Word_16349" HPOS="1302" VPOS="393" WIDTH="245" HEIGHT="52" CONTENT="bekämpfte," />
            <SP ID="SP_14491" HPOS="1547" VPOS="393" WIDTH="46" HEIGHT="0" />
            <String ID="Word_16350" HPOS="1593" VPOS="398" WIDTH="110" HEIGHT="38" CONTENT="dabei" />
            <SP ID="SP_14492" HPOS="1703" VPOS="398" WIDTH="43" HEIGHT="0" />
            <String ID="Word_16351" HPOS="1746" VPOS="401" WIDTH="90" HEIGHT="38" CONTENT="aber" />
          </TextLine>
          <TextLine ID="TextLine_1864" HPOS="226" VPOS="434" WIDTH="1608" HEIGHT="58">
            <String ID="Word_16352" HPOS="226" VPOS="447" WIDTH="50" HEIGHT="24" CONTENT="an" />
            <SP ID="SP_14493" HPOS="276" VPOS="434" WIDTH="32" HEIGHT="0" />
            <String ID="Word_16353" HPOS="308" VPOS="434" WIDTH="60" HEIGHT="38" CONTENT="die" />
            <SP ID="SP_14494" HPOS="368" VPOS="434" WIDTH="30" HEIGHT="0" />
            <String ID="Word_16354" HPOS="398" VPOS="435" WIDTH="164" HEIGHT="40" CONTENT="örtliche" />
            <SP ID="SP_14495" HPOS="562" VPOS="435" WIDTH="31" HEIGHT="0" />
            <String ID="Word_16355" HPOS="593" VPOS="437" WIDTH="189" HEIGHT="39" CONTENT="Infection" />
            <SP ID="SP_14496" HPOS="782" VPOS="437" WIDTH="31" HEIGHT="0" />
            <String ID="Word_16356" HPOS="813" VPOS="441" WIDTH="118" HEIGHT="37" CONTENT="durch" />
            <SP ID="SP_14497" HPOS="931" VPOS="441" WIDTH="39" HEIGHT="0" />
            <String ID="Word_16357" HPOS="970" VPOS="441" WIDTH="155" HEIGHT="51" CONTENT="Finger," />
            <SP ID="SP_14498" HPOS="1125" VPOS="441" WIDTH="41" HEIGHT="0" />
            <String ID="Word_16358" HPOS="1166" VPOS="444" WIDTH="259" HEIGHT="42" CONTENT="Instrumente" />
            <SP ID="SP_14499" HPOS="1425" VPOS="444" WIDTH="30" HEIGHT="0" />
            <String ID="Word_16359" HPOS="1455" VPOS="452" WIDTH="70" HEIGHT="35" CONTENT="etc." />
            <SP ID="SP_14500" HPOS="1525" VPOS="451" WIDTH="40" HEIGHT="0" />
            <String ID="Word_16360" HPOS="1565" VPOS="451" WIDTH="121" HEIGHT="37" CONTENT="selten" />
            <SP ID="SP_14501" HPOS="1686" VPOS="451" WIDTH="36" HEIGHT="0" />
            <String ID="Word_16361" HPOS="1722" VPOS="453" WIDTH="112" HEIGHT="39" CONTENT="über-" />
          </TextLine>
          <TextLine ID="TextLine_1865" HPOS="226" VPOS="487" WIDTH="1608" HEIGHT="57">
            <String ID="Word_16362" HPOS="226" VPOS="487" WIDTH="123" HEIGHT="51" CONTENT="haupt" />
            <SP ID="SP_14502" HPOS="349" VPOS="487" WIDTH="30" HEIGHT="0" />
            <String ID="Word_16363" HPOS="379" VPOS="489" WIDTH="152" HEIGHT="47" CONTENT="dachte," />
            <SP ID="SP_14503" HPOS="531" VPOS="489" WIDTH="30" HEIGHT="0" />
            <String ID="Word_16364" HPOS="561" VPOS="492" WIDTH="245" HEIGHT="49" CONTENT="geschweige" />
            <SP ID="SP_14504" HPOS="806" VPOS="492" WIDTH="31" HEIGHT="0" />
            <String ID="Word_16365" HPOS="837" VPOS="494" WIDTH="101" HEIGHT="37" CONTENT="denn" />
            <SP ID="SP_14505" HPOS="938" VPOS="494" WIDTH="31" HEIGHT="0" />
            <String ID="Word_16366" HPOS="969" VPOS="495" WIDTH="54" HEIGHT="38" CONTENT="sie" />
            <SP ID="SP_14506" HPOS="1023" VPOS="495" WIDTH="31" HEIGHT="0" />
            <String ID="Word_16367" HPOS="1054" VPOS="497" WIDTH="120" HEIGHT="38" CONTENT="durch" />
            <SP ID="SP_14507" HPOS="1174" VPOS="497" WIDTH="30" HEIGHT="0" />
            <String ID="Word_16368" HPOS="1204" VPOS="499" WIDTH="61" HEIGHT="37" CONTENT="ein" />
            <SP ID="SP_14508" HPOS="1265" VPOS="499" WIDTH="29" HEIGHT="0" />
            <String ID="Word_16369" HPOS="1294" VPOS="501" WIDTH="223" HEIGHT="39" CONTENT="wirksames" />
            <SP ID="SP_14509" HPOS="1517" VPOS="501" WIDTH="20" HEIGHT="0" />
            <String ID="Word_16370" HPOS="1537" VPOS="503" WIDTH="128" HEIGHT="39" CONTENT="Mittel" />
            <SP ID="SP_14510" HPOS="1665" VPOS="503" WIDTH="19" HEIGHT="0" />
            <String ID="Word_16371" HPOS="1684" VPOS="519" WIDTH="44" HEIGHT="24" CONTENT="zu" />
            <SP ID="SP_14511" HPOS="1728" VPOS="511" WIDTH="21" HEIGHT="0" />
            <String ID="Word_16372" HPOS="1749" VPOS="520" WIDTH="85" HEIGHT="24" CONTENT="ver-" />
          </TextLine>
          <TextLine ID="TextLine_1866" HPOS="227" VPOS="542" WIDTH="1607" HEIGHT="64">
            <String ID="Word_16373" HPOS="227" VPOS="542" WIDTH="120" HEIGHT="38" CONTENT="hüten" />
            <SP ID="SP_14512" HPOS="347" VPOS="542" WIDTH="18" HEIGHT="0" />
            <String ID="Word_16374" HPOS="365" VPOS="542" WIDTH="148" HEIGHT="40" CONTENT="suchte." />
            <SP ID="SP_14513" HPOS="513" VPOS="542" WIDTH="47" HEIGHT="0" />
            <String ID="Word_16375" HPOS="560" VPOS="544" WIDTH="50" HEIGHT="39" CONTENT="So" />
            <SP ID="SP_14514" HPOS="610" VPOS="544" WIDTH="24" HEIGHT="0" />
            <String ID="Word_16376" HPOS="634" VPOS="559" WIDTH="131" HEIGHT="25" CONTENT="waren" />
            <SP ID="SP_14515" HPOS="765" VPOS="559" WIDTH="25" HEIGHT="0" />
            <String ID="Word_16377" HPOS="790" VPOS="560" WIDTH="39" HEIGHT="24" CONTENT="es" />
            <SP ID="SP_14516" HPOS="829" VPOS="547" WIDTH="22" HEIGHT="0" />
            <String ID="Word_16378" HPOS="851" VPOS="547" WIDTH="100" HEIGHT="39" CONTENT="denn" />
            <SP ID="SP_14517" HPOS="951" VPOS="547" WIDTH="25" HEIGHT="0" />
            <String ID="Word_16379" HPOS="976" VPOS="549" WIDTH="98" HEIGHT="38" CONTENT="auch" />
            <SP ID="SP_14518" HPOS="1074" VPOS="549" WIDTH="23" HEIGHT="0" />
            <String ID="Word_16380" HPOS="1097" VPOS="550" WIDTH="108" HEIGHT="39" CONTENT="nicht" />
            <SP ID="SP_14519" HPOS="1205" VPOS="550" WIDTH="23" HEIGHT="0" />
            <String ID="Word_16381" HPOS="1228" VPOS="553" WIDTH="170" HEIGHT="40" CONTENT="einzelne" />
            <SP ID="SP_14520" HPOS="1398" VPOS="553" WIDTH="20" HEIGHT="0" />
            <String ID="Word_16382" HPOS="1418" VPOS="557" WIDTH="243" HEIGHT="39" CONTENT="verstohlene" />
            <SP ID="SP_14521" HPOS="1661" VPOS="557" WIDTH="26" HEIGHT="0" />
            <String ID="Word_16383" HPOS="1687" VPOS="559" WIDTH="147" HEIGHT="47" CONTENT="Keime," />
          </TextLine>
          <TextLine ID="TextLine_1867" HPOS="226" VPOS="596" WIDTH="1610" HEIGHT="56">
            <String ID="Word_16384" HPOS="226" VPOS="596" WIDTH="121" HEIGHT="38" CONTENT="durch" />
            <SP ID="SP_14522" HPOS="347" VPOS="596" WIDTH="39" HEIGHT="0" />
            <String ID="Word_16385" HPOS="386" VPOS="597" WIDTH="62" HEIGHT="38" CONTENT="ein" />
            <SP ID="SP_14523" HPOS="448" VPOS="597" WIDTH="39" HEIGHT="0" />
            <String ID="Word_16386" HPOS="487" VPOS="597" WIDTH="223" HEIGHT="40" CONTENT="Stäubchen" />
            <SP ID="SP_14524" HPOS="710" VPOS="597" WIDTH="37" HEIGHT="0" />
            <String ID="Word_16387" HPOS="747" VPOS="600" WIDTH="93" HEIGHT="38" CONTENT="oder" />
            <SP ID="SP_14525" HPOS="840" VPOS="600" WIDTH="29" HEIGHT="0" />
            <String ID="Word_16388" HPOS="869" VPOS="601" WIDTH="120" HEIGHT="39" CONTENT="durch" />
            <SP ID="SP_14526" HPOS="989" VPOS="601" WIDTH="31" HEIGHT="0" />
            <String ID="Word_16389" HPOS="1020" VPOS="603" WIDTH="110" HEIGHT="39" CONTENT="einen" />
            <SP ID="SP_14527" HPOS="1130" VPOS="603" WIDTH="38" HEIGHT="0" />
            <String ID="Word_16390" HPOS="1168" VPOS="607" WIDTH="167" HEIGHT="39" CONTENT="anderen" />
            <SP ID="SP_14528" HPOS="1335" VPOS="607" WIDTH="30" HEIGHT="0" />
            <String ID="Word_16391" HPOS="1365" VPOS="609" WIDTH="128" HEIGHT="38" CONTENT="Zufall" />
            <SP ID="SP_14529" HPOS="1493" VPOS="609" WIDTH="34" HEIGHT="0" />
            <String ID="Word_16392" HPOS="1527" VPOS="610" WIDTH="39" HEIGHT="38" CONTENT="in" />
            <SP ID="SP_14530" HPOS="1566" VPOS="610" WIDTH="28" HEIGHT="0" />
            <String ID="Word_16393" HPOS="1594" VPOS="611" WIDTH="60" HEIGHT="38" CONTENT="die" />
            <SP ID="SP_14531" HPOS="1654" VPOS="611" WIDTH="29" HEIGHT="0" />
            <String ID="Word_16394" HPOS="1683" VPOS="612" WIDTH="153" HEIGHT="40" CONTENT="Wände" />
          </TextLine>
          <TextLine ID="TextLine_1868" HPOS="225" VPOS="650" WIDTH="1609" HEIGHT="67">
            <String ID="Word_16395" HPOS="225" VPOS="650" WIDTH="175" HEIGHT="49" CONTENT="gelangt," />
            <SP ID="SP_14532" HPOS="400" VPOS="650" WIDTH="31" HEIGHT="0" />
            <String ID="Word_16396" HPOS="431" VPOS="651" WIDTH="146" HEIGHT="39" CONTENT="welche" />
            <SP ID="SP_14533" HPOS="577" VPOS="651" WIDTH="31" HEIGHT="0" />
            <String ID="Word_16397" HPOS="608" VPOS="653" WIDTH="60" HEIGHT="38" CONTENT="die" />
            <SP ID="SP_14534" HPOS="668" VPOS="653" WIDTH="22" HEIGHT="0" />
            <String ID="Word_16398" HPOS="690" VPOS="653" WIDTH="192" HEIGHT="39" CONTENT="Infection" />
            <SP ID="SP_14535" HPOS="882" VPOS="653" WIDTH="29" HEIGHT="0" />
            <String ID="Word_16399" HPOS="911" VPOS="657" WIDTH="273" HEIGHT="40" CONTENT="vermittelten," />
            <SP ID="SP_14536" HPOS="1184" VPOS="657" WIDTH="32" HEIGHT="0" />
            <String ID="Word_16400" HPOS="1216" VPOS="662" WIDTH="164" HEIGHT="38" CONTENT="sondern" />
            <SP ID="SP_14537" HPOS="1380" VPOS="662" WIDTH="22" HEIGHT="0" />
            <String ID="Word_16401" HPOS="1402" VPOS="663" WIDTH="257" HEIGHT="47" CONTENT="wiederholte," />
            <SP ID="SP_14538" HPOS="1659" VPOS="663" WIDTH="17" HEIGHT="0" />
            <String ID="Word_16402" HPOS="1676" VPOS="666" WIDTH="43" HEIGHT="49" CONTENT="ja" />
            <SP ID="SP_14539" HPOS="1719" VPOS="666" WIDTH="29" HEIGHT="0" />
            <String ID="Word_16403" HPOS="1748" VPOS="670" WIDTH="86" HEIGHT="47" CONTENT="täg-" />
          </TextLine>
          <TextLine ID="TextLine_1869" HPOS="225" VPOS="703" WIDTH="1611" HEIGHT="68">
            <String ID="Word_16404" HPOS="225" VPOS="703" WIDTH="79" HEIGHT="39" CONTENT="lich" />
            <SP ID="SP_14540" HPOS="304" VPOS="703" WIDTH="41" HEIGHT="0" />
            <String ID="Word_16405" HPOS="345" VPOS="704" WIDTH="101" HEIGHT="39" CONTENT="beim" />
            <SP ID="SP_14541" HPOS="446" VPOS="704" WIDTH="31" HEIGHT="0" />
            <String ID="Word_16406" HPOS="477" VPOS="706" WIDTH="184" HEIGHT="38" CONTENT="Verband" />
            <SP ID="SP_14542" HPOS="661" VPOS="706" WIDTH="37" HEIGHT="0" />
            <String ID="Word_16407" HPOS="698" VPOS="707" WIDTH="83" HEIGHT="38" CONTENT="sich" />
            <SP ID="SP_14543" HPOS="781" VPOS="707" WIDTH="38" HEIGHT="0" />
            <String ID="Word_16408" HPOS="819" VPOS="708" WIDTH="308" HEIGHT="41" CONTENT="wiederholende" />
            <SP ID="SP_14544" HPOS="1127" VPOS="708" WIDTH="31" HEIGHT="0" />
            <String ID="Word_16409" HPOS="1158" VPOS="712" WIDTH="232" HEIGHT="54" CONTENT="Berührung" />
            <SP ID="SP_14545" HPOS="1390" VPOS="712" WIDTH="28" HEIGHT="0" />
            <String ID="Word_16410" HPOS="1418" VPOS="717" WIDTH="77" HEIGHT="37" CONTENT="und" />
            <SP ID="SP_14546" HPOS="1495" VPOS="717" WIDTH="30" HEIGHT="0" />
            <String ID="Word_16411" HPOS="1525" VPOS="717" WIDTH="311" HEIGHT="54" CONTENT="Beschmutzung" />
          </TextLine>
          <TextLine ID="TextLine_1870" HPOS="225" VPOS="758" WIDTH="1609" HEIGHT="60">
            <String ID="Word_16412" HPOS="225" VPOS="758" WIDTH="73" HEIGHT="38" CONTENT="mit" />
            <SP ID="SP_14547" HPOS="298" VPOS="758" WIDTH="32" HEIGHT="0" />
            <String ID="Word_16413" HPOS="330" VPOS="758" WIDTH="450" HEIGHT="52" CONTENT="Hüspitalbrandjauche" />
            <SP ID="SP_14548" HPOS="780" VPOS="758" WIDTH="36" HEIGHT="0" />
            <String ID="Word_16414" HPOS="816" VPOS="763" WIDTH="122" HEIGHT="38" CONTENT="durch" />
            <SP ID="SP_14549" HPOS="938" VPOS="763" WIDTH="31" HEIGHT="0" />
            <String ID="Word_16415" HPOS="969" VPOS="763" WIDTH="153" HEIGHT="51" CONTENT="Finger," />
            <SP ID="SP_14550" HPOS="1122" VPOS="763" WIDTH="36" HEIGHT="0" />
            <String ID="Word_16416" HPOS="1158" VPOS="765" WIDTH="270" HEIGHT="52" CONTENT="Instrumente," />
            <SP ID="SP_14551" HPOS="1428" VPOS="765" WIDTH="27" HEIGHT="0" />
            <String ID="Word_16417" HPOS="1455" VPOS="770" WIDTH="250" HEIGHT="48" CONTENT="Schwämme," />
            <SP ID="SP_14552" HPOS="1705" VPOS="770" WIDTH="32" HEIGHT="0" />
            <String ID="Word_16418" HPOS="1737" VPOS="773" WIDTH="97" HEIGHT="38" CONTENT="Ver-" />
          </TextLine>
          <TextLine ID="TextLine_1871" HPOS="228" VPOS="812" WIDTH="1606" HEIGHT="59">
            <String ID="Word_16419" HPOS="228" VPOS="812" WIDTH="221" HEIGHT="52" CONTENT="bandzeug," />
            <SP ID="SP_14553" HPOS="449" VPOS="812" WIDTH="45" HEIGHT="0" />
            <String ID="Word_16420" HPOS="494" VPOS="813" WIDTH="356" HEIGHT="52" CONTENT="Kleidungsstücke" />
            <SP ID="SP_14554" HPOS="850" VPOS="813" WIDTH="40" HEIGHT="0" />
            <String ID="Word_16421" HPOS="890" VPOS="820" WIDTH="70" HEIGHT="35" CONTENT="etc." />
            <SP ID="SP_14555" HPOS="960" VPOS="818" WIDTH="74" HEIGHT="0" />
            <String ID="Word_16422" HPOS="1034" VPOS="818" WIDTH="50" HEIGHT="39" CONTENT="So" />
            <SP ID="SP_14556" HPOS="1084" VPOS="818" WIDTH="44" HEIGHT="0" />
            <String ID="Word_16423" HPOS="1128" VPOS="820" WIDTH="179" HEIGHT="39" CONTENT="erfahren" />
            <SP ID="SP_14557" HPOS="1307" VPOS="820" WIDTH="43" HEIGHT="0" />
            <String ID="Word_16424" HPOS="1350" VPOS="823" WIDTH="69" HEIGHT="38" CONTENT="wir" />
            <SP ID="SP_14558" HPOS="1419" VPOS="823" WIDTH="28" HEIGHT="0" />
            <String ID="Word_16425" HPOS="1447" VPOS="837" WIDTH="31" HEIGHT="25" CONTENT="z." />
            <SP ID="SP_14559" HPOS="1478" VPOS="824" WIDTH="31" HEIGHT="0" />
            <String ID="Word_16426" HPOS="1509" VPOS="824" WIDTH="58" HEIGHT="40" CONTENT="B.," />
            <SP ID="SP_14560" HPOS="1567" VPOS="824" WIDTH="40" HEIGHT="0" />
            <String ID="Word_16427" HPOS="1607" VPOS="826" WIDTH="85" HEIGHT="38" CONTENT="dass" />
            <SP ID="SP_14561" HPOS="1692" VPOS="826" WIDTH="37" HEIGHT="0" />
            <String ID="Word_16428" HPOS="1729" VPOS="826" WIDTH="105" HEIGHT="39" CONTENT="Del-" />
          </TextLine>
          <TextLine ID="TextLine_1872" HPOS="225" VPOS="866" WIDTH="1609" HEIGHT="64">
            <String ID="Word_16429" HPOS="225" VPOS="866" WIDTH="116" HEIGHT="50" CONTENT="pech" />
            <SP ID="SP_14562" HPOS="341" VPOS="866" WIDTH="32" HEIGHT="0" />
            <String ID="Word_16430" HPOS="373" VPOS="867" WIDTH="185" HEIGHT="39" CONTENT="während" />
            <SP ID="SP_14563" HPOS="558" VPOS="867" WIDTH="30" HEIGHT="0" />
            <String ID="Word_16431" HPOS="588" VPOS="868" WIDTH="67" HEIGHT="38" CONTENT="der" />
            <SP ID="SP_14564" HPOS="655" VPOS="868" WIDTH="20" HEIGHT="0" />
            <String ID="Word_16432" HPOS="675" VPOS="868" WIDTH="124" HEIGHT="39" CONTENT="Visite" />
            <SP ID="SP_14565" HPOS="799" VPOS="868" WIDTH="30" HEIGHT="0" />
            <String ID="Word_16433" HPOS="829" VPOS="870" WIDTH="53" HEIGHT="38" CONTENT="im" />
            <SP ID="SP_14566" HPOS="882" VPOS="870" WIDTH="26" HEIGHT="0" />
            <String ID="Word_16434" HPOS="908" VPOS="871" WIDTH="182" HEIGHT="50" CONTENT="Hospital" />
            <SP ID="SP_14567" HPOS="1090" VPOS="871" WIDTH="40" HEIGHT="0" />
            <String ID="Word_16435" HPOS="1130" VPOS="873" WIDTH="108" HEIGHT="39" CONTENT="einen" />
            <SP ID="SP_14568" HPOS="1238" VPOS="873" WIDTH="43" HEIGHT="0" />
            <String ID="Word_16436" HPOS="1281" VPOS="875" WIDTH="106" HEIGHT="39" CONTENT="Rock" />
            <SP ID="SP_14569" HPOS="1387" VPOS="875" WIDTH="37" HEIGHT="0" />
            <String ID="Word_16437" HPOS="1424" VPOS="891" WIDTH="46" HEIGHT="24" CONTENT="zu" />
            <SP ID="SP_14570" HPOS="1470" VPOS="880" WIDTH="33" HEIGHT="0" />
            <String ID="Word_16438" HPOS="1503" VPOS="880" WIDTH="138" HEIGHT="48" CONTENT="tragen" />
            <SP ID="SP_14571" HPOS="1641" VPOS="880" WIDTH="37" HEIGHT="0" />
            <String ID="Word_16439" HPOS="1678" VPOS="880" WIDTH="156" HEIGHT="50" CONTENT="pflegte," />
          </TextLine>
          <TextLine ID="TextLine_1873" HPOS="225" VPOS="913" WIDTH="1609" HEIGHT="66">
            <String ID="Word_16440" HPOS="225" VPOS="920" WIDTH="168" HEIGHT="39" CONTENT="welcher" />
            <SP ID="SP_14572" HPOS="393" VPOS="920" WIDTH="30" HEIGHT="0" />
            <String ID="Word_16441" HPOS="423" VPOS="922" WIDTH="73" HEIGHT="37" CONTENT="den" />
            <SP ID="SP_14573" HPOS="496" VPOS="921" WIDTH="31" HEIGHT="0" />
            <String ID="Word_16442" HPOS="527" VPOS="921" WIDTH="174" HEIGHT="40" CONTENT="Gestank" />
            <SP ID="SP_14574" HPOS="701" VPOS="921" WIDTH="30" HEIGHT="0" />
            <String ID="Word_16443" HPOS="731" VPOS="923" WIDTH="66" HEIGHT="39" CONTENT="des" />
            <SP ID="SP_14575" HPOS="797" VPOS="923" WIDTH="30" HEIGHT="0" />
            <String ID="Word_16444" HPOS="827" VPOS="924" WIDTH="352" HEIGHT="51" CONTENT="Hospitalbrandes" />
            <SP ID="SP_14576" HPOS="1179" VPOS="924" WIDTH="31" HEIGHT="0" />
            <String ID="Word_16445" HPOS="1210" VPOS="942" WIDTH="280" HEIGHT="37" CONTENT="angenommen" />
            <SP ID="SP_14577" HPOS="1490" VPOS="931" WIDTH="29" HEIGHT="0" />
            <String ID="Word_16446" HPOS="1519" VPOS="931" WIDTH="108" HEIGHT="39" CONTENT="hatte" />
            <SP ID="SP_14578" HPOS="1627" VPOS="931" WIDTH="29" HEIGHT="0" />
            <String ID="Word_16447" HPOS="1656" VPOS="934" WIDTH="75" HEIGHT="36" CONTENT="und" />
            <SP ID="SP_14579" HPOS="1731" VPOS="913" WIDTH="26" HEIGHT="0" />
            <String ID="Word_16448" HPOS="1757" VPOS="913" WIDTH="77" HEIGHT="59" CONTENT="Tm-" />
          </TextLine>
          <TextLine ID="TextLine_1874" HPOS="225" VPOS="975" WIDTH="1609" HEIGHT="59">
            <String ID="Word_16449" HPOS="225" VPOS="975" WIDTH="180" HEIGHT="49" CONTENT="prägnirt" />
            <SP ID="SP_14580" HPOS="405" VPOS="975" WIDTH="19" HEIGHT="0" />
            <String ID="Word_16450" HPOS="424" VPOS="989" WIDTH="81" HEIGHT="24" CONTENT="war" />
            <SP ID="SP_14581" HPOS="505" VPOS="977" WIDTH="20" HEIGHT="0" />
            <String ID="Word_16451" HPOS="525" VPOS="977" WIDTH="71" HEIGHT="37" CONTENT="mit" />
            <SP ID="SP_14582" HPOS="596" VPOS="977" WIDTH="20" HEIGHT="0" />
            <String ID="Word_16452" HPOS="616" VPOS="977" WIDTH="74" HEIGHT="38" CONTENT="den" />
            <SP ID="SP_14583" HPOS="690" VPOS="977" WIDTH="20" HEIGHT="0" />
            <String ID="Word_16453" HPOS="710" VPOS="978" WIDTH="181" HEIGHT="49" CONTENT="putriden" />
            <SP ID="SP_14584" HPOS="891" VPOS="978" WIDTH="14" HEIGHT="0" />
            <String ID="Word_16454" HPOS="905" VPOS="978" WIDTH="337" HEIGHT="54" CONTENT="Absonderungen" />
            <SP ID="SP_14585" HPOS="1242" VPOS="978" WIDTH="21" HEIGHT="0" />
            <String ID="Word_16455" HPOS="1263" VPOS="983" WIDTH="67" HEIGHT="38" CONTENT="der" />
            <SP ID="SP_14586" HPOS="1330" VPOS="983" WIDTH="15" HEIGHT="0" />
            <String ID="Word_16456" HPOS="1345" VPOS="983" WIDTH="489" HEIGHT="40" CONTENT="Hospitalbrandkranken," />
          </TextLine>
          <TextLine ID="TextLine_1875" HPOS="225" VPOS="1029" WIDTH="1610" HEIGHT="57">
            <String ID="Word_16457" HPOS="225" VPOS="1029" WIDTH="79" HEIGHT="37" CONTENT="und" />
            <SP ID="SP_14587" HPOS="304" VPOS="1029" WIDTH="31" HEIGHT="0" />
            <String ID="Word_16458" HPOS="335" VPOS="1029" WIDTH="88" HEIGHT="38" CONTENT="dass" />
            <SP ID="SP_14588" HPOS="423" VPOS="1029" WIDTH="30" HEIGHT="0" />
            <String ID="Word_16459" HPOS="453" VPOS="1043" WIDTH="42" HEIGHT="25" CONTENT="er" />
            <SP ID="SP_14589" HPOS="495" VPOS="1030" WIDTH="35" HEIGHT="0" />
            <String ID="Word_16460" HPOS="530" VPOS="1030" WIDTH="99" HEIGHT="38" CONTENT="auch" />
            <SP ID="SP_14590" HPOS="629" VPOS="1030" WIDTH="38" HEIGHT="0" />
            <String ID="Word_16461" HPOS="667" VPOS="1031" WIDTH="38" HEIGHT="37" CONTENT="in" />
            <SP ID="SP_14591" HPOS="705" VPOS="1031" WIDTH="40" HEIGHT="0" />
            <String ID="Word_16462" HPOS="745" VPOS="1032" WIDTH="146" HEIGHT="38" CONTENT="diesem" />
            <SP ID="SP_14592" HPOS="891" VPOS="1032" WIDTH="38" HEIGHT="0" />
            <String ID="Word_16463" HPOS="929" VPOS="1033" WIDTH="108" HEIGHT="38" CONTENT="Rock" />
            <SP ID="SP_14593" HPOS="1037" VPOS="1033" WIDTH="36" HEIGHT="0" />
            <String ID="Word_16464" HPOS="1073" VPOS="1034" WIDTH="104" HEIGHT="39" CONTENT="seine" />
            <SP ID="SP_14594" HPOS="1177" VPOS="1034" WIDTH="31" HEIGHT="0" />
            <String ID="Word_16465" HPOS="1208" VPOS="1037" WIDTH="193" HEIGHT="49" CONTENT="operirten" />
            <SP ID="SP_14595" HPOS="1401" VPOS="1037" WIDTH="28" HEIGHT="0" />
            <String ID="Word_16466" HPOS="1429" VPOS="1038" WIDTH="308" HEIGHT="40" CONTENT="Privatkranken" />
            <SP ID="SP_14596" HPOS="1737" VPOS="1038" WIDTH="29" HEIGHT="0" />
            <String ID="Word_16467" HPOS="1766" VPOS="1041" WIDTH="69" HEIGHT="38" CONTENT="be-" />
          </TextLine>
          <TextLine ID="TextLine_1876" HPOS="226" VPOS="1083" WIDTH="1611" HEIGHT="55">
            <String ID="Word_16468" HPOS="226" VPOS="1083" WIDTH="138" HEIGHT="38" CONTENT="suchte" />
            <SP ID="SP_14597" HPOS="364" VPOS="1083" WIDTH="29" HEIGHT="0" />
            <String ID="Word_16469" HPOS="393" VPOS="1084" WIDTH="80" HEIGHT="37" CONTENT="und" />
            <SP ID="SP_14598" HPOS="473" VPOS="1084" WIDTH="30" HEIGHT="0" />
            <String ID="Word_16470" HPOS="503" VPOS="1085" WIDTH="183" HEIGHT="38" CONTENT="verband." />
            <SP ID="SP_14599" HPOS="686" VPOS="1085" WIDTH="59" HEIGHT="0" />
            <String ID="Word_16471" HPOS="745" VPOS="1085" WIDTH="227" HEIGHT="51" CONTENT="Delpech" />
            <SP ID="SP_14600" HPOS="972" VPOS="1085" WIDTH="29" HEIGHT="0" />
            <String ID="Word_16472" HPOS="1001" VPOS="1088" WIDTH="148" HEIGHT="38" CONTENT="erzählt" />
            <SP ID="SP_14601" HPOS="1149" VPOS="1088" WIDTH="29" HEIGHT="0" />
            <String ID="Word_16473" HPOS="1178" VPOS="1090" WIDTH="147" HEIGHT="46" CONTENT="ferner," />
            <SP ID="SP_14602" HPOS="1325" VPOS="1090" WIDTH="44" HEIGHT="0" />
            <String ID="Word_16474" HPOS="1369" VPOS="1092" WIDTH="88" HEIGHT="38" CONTENT="dass" />
            <SP ID="SP_14603" HPOS="1457" VPOS="1092" WIDTH="38" HEIGHT="0" />
            <String ID="Word_16475" HPOS="1495" VPOS="1093" WIDTH="89" HEIGHT="37" CONTENT="sehr" />
            <SP ID="SP_14604" HPOS="1584" VPOS="1093" WIDTH="29" HEIGHT="0" />
            <String ID="Word_16476" HPOS="1613" VPOS="1094" WIDTH="72" HEIGHT="44" CONTENT="oft," />
            <SP ID="SP_14605" HPOS="1685" VPOS="1094" WIDTH="39" HEIGHT="0" />
            <String ID="Word_16477" HPOS="1724" VPOS="1108" WIDTH="113" HEIGHT="24" CONTENT="wenn" />
          </TextLine>
          <TextLine ID="TextLine_1877" HPOS="226" VPOS="1138" WIDTH="1612" HEIGHT="56">
            <String ID="Word_16478" HPOS="226" VPOS="1150" WIDTH="42" HEIGHT="25" CONTENT="er" />
            <SP ID="SP_14606" HPOS="268" VPOS="1138" WIDTH="29" HEIGHT="0" />
            <String ID="Word_16479" HPOS="297" VPOS="1138" WIDTH="69" HEIGHT="37" CONTENT="der" />
            <SP ID="SP_14607" HPOS="366" VPOS="1138" WIDTH="30" HEIGHT="0" />
            <String ID="Word_16480" HPOS="396" VPOS="1138" WIDTH="137" HEIGHT="46" CONTENT="Quelle" />
            <SP ID="SP_14608" HPOS="533" VPOS="1138" WIDTH="29" HEIGHT="0" />
            <String ID="Word_16481" HPOS="562" VPOS="1138" WIDTH="65" HEIGHT="38" CONTENT="für" />
            <SP ID="SP_14609" HPOS="627" VPOS="1138" WIDTH="29" HEIGHT="0" />
            <String ID="Word_16482" HPOS="656" VPOS="1139" WIDTH="84" HEIGHT="38" CONTENT="eine" />
            <SP ID="SP_14610" HPOS="740" VPOS="1139" WIDTH="30" HEIGHT="0" />
            <String ID="Word_16483" HPOS="770" VPOS="1153" WIDTH="98" HEIGHT="25" CONTENT="neue" />
            <SP ID="SP_14611" HPOS="868" VPOS="1141" WIDTH="21" HEIGHT="0" />
            <String ID="Word_16484" HPOS="889" VPOS="1141" WIDTH="190" HEIGHT="38" CONTENT="Infection" />
            <SP ID="SP_14612" HPOS="1079" VPOS="1141" WIDTH="21" HEIGHT="0" />
            <String ID="Word_16485" HPOS="1100" VPOS="1143" WIDTH="263" HEIGHT="51" CONTENT="nachgespürt" />
            <SP ID="SP_14613" HPOS="1363" VPOS="1143" WIDTH="19" HEIGHT="0" />
            <String ID="Word_16486" HPOS="1382" VPOS="1146" WIDTH="111" HEIGHT="46" CONTENT="habe," />
            <SP ID="SP_14614" HPOS="1493" VPOS="1146" WIDTH="32" HEIGHT="0" />
            <String ID="Word_16487" HPOS="1525" VPOS="1146" WIDTH="101" HEIGHT="39" CONTENT="diese" />
            <SP ID="SP_14615" HPOS="1626" VPOS="1146" WIDTH="31" HEIGHT="0" />
            <String ID="Word_16488" HPOS="1657" VPOS="1149" WIDTH="181" HEIGHT="37" CONTENT="entdeckt" />
          </TextLine>
          <TextLine ID="TextLine_1878" HPOS="224" VPOS="1192" WIDTH="1610" HEIGHT="48">
            <String ID="Word_16489" HPOS="224" VPOS="1192" WIDTH="159" HEIGHT="38" CONTENT="worden" />
            <SP ID="SP_14616" HPOS="383" VPOS="1192" WIDTH="30" HEIGHT="0" />
            <String ID="Word_16490" HPOS="413" VPOS="1193" WIDTH="56" HEIGHT="37" CONTENT="sei" />
            <SP ID="SP_14617" HPOS="469" VPOS="1192" WIDTH="29" HEIGHT="0" />
            <String ID="Word_16491" HPOS="498" VPOS="1192" WIDTH="40" HEIGHT="38" CONTENT="in" />
            <SP ID="SP_14618" HPOS="538" VPOS="1192" WIDTH="31" HEIGHT="0" />
            <String ID="Word_16492" HPOS="569" VPOS="1193" WIDTH="88" HEIGHT="38" CONTENT="dem" />
            <SP ID="SP_14619" HPOS="657" VPOS="1193" WIDTH="32" HEIGHT="0" />
            <String ID="Word_16493" HPOS="689" VPOS="1193" WIDTH="233" HEIGHT="47" CONTENT="Umstände," />
            <SP ID="SP_14620" HPOS="922" VPOS="1193" WIDTH="41" HEIGHT="0" />
            <String ID="Word_16494" HPOS="963" VPOS="1196" WIDTH="86" HEIGHT="38" CONTENT="dass" />
            <SP ID="SP_14621" HPOS="1049" VPOS="1196" WIDTH="31" HEIGHT="0" />
            <String ID="Word_16495" HPOS="1080" VPOS="1196" WIDTH="60" HEIGHT="38" CONTENT="die" />
            <SP ID="SP_14622" HPOS="1140" VPOS="1196" WIDTH="31" HEIGHT="0" />
            <String ID="Word_16496" HPOS="1171" VPOS="1197" WIDTH="153" HEIGHT="40" CONTENT="Wunde" />
            <SP ID="SP_14623" HPOS="1324" VPOS="1197" WIDTH="30" HEIGHT="0" />
            <String ID="Word_16497" HPOS="1354" VPOS="1200" WIDTH="70" HEIGHT="37" CONTENT="mit" />
            <SP ID="SP_14624" HPOS="1424" VPOS="1200" WIDTH="28" HEIGHT="0" />
            <String ID="Word_16498" HPOS="1452" VPOS="1200" WIDTH="285" HEIGHT="39" CONTENT="Instrumenten" />
            <SP ID="SP_14625" HPOS="1737" VPOS="1200" WIDTH="31" HEIGHT="0" />
            <String ID="Word_16499" HPOS="1768" VPOS="1202" WIDTH="66" HEIGHT="37" CONTENT="be-" />
          </TextLine>
          <TextLine ID="TextLine_1879" HPOS="225" VPOS="1246" WIDTH="1608" HEIGHT="54">
            <String ID="Word_16500" HPOS="225" VPOS="1246" WIDTH="112" HEIGHT="38" CONTENT="rührt" />
            <SP ID="SP_14626" HPOS="337" VPOS="1246" WIDTH="30" HEIGHT="0" />
            <String ID="Word_16501" HPOS="367" VPOS="1247" WIDTH="143" HEIGHT="46" CONTENT="wurde," />
            <SP ID="SP_14627" HPOS="510" VPOS="1247" WIDTH="34" HEIGHT="0" />
            <String ID="Word_16502" HPOS="544" VPOS="1248" WIDTH="144" HEIGHT="37" CONTENT="welche" />
            <SP ID="SP_14628" HPOS="688" VPOS="1248" WIDTH="32" HEIGHT="0" />
            <String ID="Word_16503" HPOS="720" VPOS="1248" WIDTH="103" HEIGHT="38" CONTENT="beim" />
            <SP ID="SP_14629" HPOS="823" VPOS="1248" WIDTH="22" HEIGHT="0" />
            <String ID="Word_16504" HPOS="845" VPOS="1250" WIDTH="343" HEIGHT="50" CONTENT="vorhergehenden" />
            <SP ID="SP_14630" HPOS="1188" VPOS="1250" WIDTH="22" HEIGHT="0" />
            <String ID="Word_16505" HPOS="1210" VPOS="1252" WIDTH="202" HEIGHT="39" CONTENT="Verbände" />
            <SP ID="SP_14631" HPOS="1412" VPOS="1252" WIDTH="21" HEIGHT="0" />
            <String ID="Word_16506" HPOS="1433" VPOS="1254" WIDTH="241" HEIGHT="38" CONTENT="beschmutzt" />
            <SP ID="SP_14632" HPOS="1674" VPOS="1254" WIDTH="19" HEIGHT="0" />
            <String ID="Word_16507" HPOS="1693" VPOS="1268" WIDTH="140" HEIGHT="25" CONTENT="waren." />
          </TextLine>
          <TextLine ID="TextLine_1880" HPOS="224" VPOS="1300" WIDTH="1611" HEIGHT="58">
            <String ID="Word_16508" HPOS="224" VPOS="1300" WIDTH="50" HEIGHT="39" CONTENT="Ja" />
            <SP ID="SP_14633" HPOS="274" VPOS="1300" WIDTH="29" HEIGHT="0" />
            <String ID="Word_16509" HPOS="303" VPOS="1300" WIDTH="111" HEIGHT="38" CONTENT="mehr" />
            <SP ID="SP_14634" HPOS="414" VPOS="1300" WIDTH="29" HEIGHT="0" />
            <String ID="Word_16510" HPOS="443" VPOS="1301" WIDTH="102" HEIGHT="38" CONTENT="noch" />
            <SP ID="SP_14635" HPOS="545" VPOS="1301" WIDTH="30" HEIGHT="0" />
            <String ID="Word_16511" HPOS="575" VPOS="1301" WIDTH="56" HEIGHT="38" CONTENT="als" />
            <SP ID="SP_14636" HPOS="631" VPOS="1301" WIDTH="37" HEIGHT="0" />
            <String ID="Word_16512" HPOS="668" VPOS="1301" WIDTH="81" HEIGHT="39" CONTENT="dies" />
            <SP ID="SP_14637" HPOS="749" VPOS="1301" WIDTH="39" HEIGHT="0" />
            <String ID="Word_16513" HPOS="788" VPOS="1303" WIDTH="293" HEIGHT="38" CONTENT="charakterisirt" />
            <SP ID="SP_14638" HPOS="1081" VPOS="1303" WIDTH="37" HEIGHT="0" />
            <String ID="Word_16514" HPOS="1118" VPOS="1305" WIDTH="60" HEIGHT="38" CONTENT="die" />
            <SP ID="SP_14639" HPOS="1178" VPOS="1305" WIDTH="40" HEIGHT="0" />
            <String ID="Word_16515" HPOS="1218" VPOS="1306" WIDTH="191" HEIGHT="51" CONTENT="damalige" />
            <SP ID="SP_14640" HPOS="1409" VPOS="1306" WIDTH="39" HEIGHT="0" />
            <String ID="Word_16516" HPOS="1448" VPOS="1307" WIDTH="283" HEIGHT="51" CONTENT="Sorglosigkeit" />
            <SP ID="SP_14641" HPOS="1731" VPOS="1307" WIDTH="28" HEIGHT="0" />
            <String ID="Word_16517" HPOS="1759" VPOS="1309" WIDTH="76" HEIGHT="37" CONTENT="fol-" />
          </TextLine>
          <TextLine ID="TextLine_1881" HPOS="225" VPOS="1355" WIDTH="1609" HEIGHT="57">
            <String ID="Word_16518" HPOS="225" VPOS="1355" WIDTH="126" HEIGHT="50" CONTENT="gende" />
            <SP ID="SP_14642" HPOS="351" VPOS="1355" WIDTH="31" HEIGHT="0" />
            <String ID="Word_16519" HPOS="382" VPOS="1355" WIDTH="227" HEIGHT="51" CONTENT="Erzählung" />
            <SP ID="SP_14643" HPOS="609" VPOS="1355" WIDTH="29" HEIGHT="0" />
            <String ID="Word_16520" HPOS="638" VPOS="1356" WIDTH="278" HEIGHT="50" CONTENT="Delpech's:" />
            <SP ID="SP_14644" HPOS="916" VPOS="1356" WIDTH="42" HEIGHT="0" />
            <String ID="Word_16521" HPOS="958" VPOS="1357" WIDTH="92" HEIGHT="46" CONTENT="„Als" />
            <SP ID="SP_14645" HPOS="1050" VPOS="1357" WIDTH="32" HEIGHT="0" />
            <String ID="Word_16522" HPOS="1082" VPOS="1357" WIDTH="56" HEIGHT="51" CONTENT="(in" />
            <SP ID="SP_14646" HPOS="1138" VPOS="1357" WIDTH="29" HEIGHT="0" />
            <String ID="Word_16523" HPOS="1167" VPOS="1360" WIDTH="86" HEIGHT="37" CONTENT="dem" />
            <SP ID="SP_14647" HPOS="1253" VPOS="1360" WIDTH="29" HEIGHT="0" />
            <String ID="Word_16524" HPOS="1282" VPOS="1360" WIDTH="190" HEIGHT="38" CONTENT="Lazareth" />
            <SP ID="SP_14648" HPOS="1472" VPOS="1360" WIDTH="28" HEIGHT="0" />
            <String ID="Word_16525" HPOS="1500" VPOS="1375" WIDTH="46" HEIGHT="24" CONTENT="zu" />
            <SP ID="SP_14649" HPOS="1546" VPOS="1361" WIDTH="29" HEIGHT="0" />
            <String ID="Word_16526" HPOS="1575" VPOS="1361" WIDTH="259" HEIGHT="51" CONTENT="MontpelHer)" />
          </TextLine>
          <TextLine ID="TextLine_1882" HPOS="226" VPOS="1408" WIDTH="1609" HEIGHT="57">
            <String ID="Word_16527" HPOS="226" VPOS="1409" WIDTH="61" HEIGHT="38" CONTENT="die" />
            <SP ID="SP_14650" HPOS="287" VPOS="1408" WIDTH="32" HEIGHT="0" />
            <String ID="Word_16528" HPOS="319" VPOS="1408" WIDTH="166" HEIGHT="51" CONTENT="Charpie" />
            <SP ID="SP_14651" HPOS="485" VPOS="1408" WIDTH="31" HEIGHT="0" />
            <String ID="Word_16529" HPOS="516" VPOS="1410" WIDTH="216" HEIGHT="51" CONTENT="mangelte," />
            <SP ID="SP_14652" HPOS="732" VPOS="1410" WIDTH="41" HEIGHT="0" />
            <String ID="Word_16530" HPOS="773" VPOS="1424" WIDTH="79" HEIGHT="24" CONTENT="war" />
            <SP ID="SP_14653" HPOS="852" VPOS="1424" WIDTH="37" HEIGHT="0" />
            <String ID="Word_16531" HPOS="889" VPOS="1425" WIDTH="90" HEIGHT="24" CONTENT="man" />
            <SP ID="SP_14654" HPOS="979" VPOS="1412" WIDTH="36" HEIGHT="0" />
            <String ID="Word_16532" HPOS="1015" VPOS="1412" WIDTH="41" HEIGHT="37" CONTENT="in" />
            <SP ID="SP_14655" HPOS="1056" VPOS="1412" WIDTH="30" HEIGHT="0" />
            <String ID="Word_16533" HPOS="1086" VPOS="1412" WIDTH="60" HEIGHT="38" CONTENT="die" />
            <SP ID="SP_14656" HPOS="1146" VPOS="1412" WIDTH="29" HEIGHT="0" />
            <String ID="Word_16534" HPOS="1175" VPOS="1414" WIDTH="171" HEIGHT="51" CONTENT="traurige" />
            <SP ID="SP_14657" HPOS="1346" VPOS="1414" WIDTH="30" HEIGHT="0" />
            <String ID="Word_16535" HPOS="1376" VPOS="1414" WIDTH="344" HEIGHT="39" CONTENT="Nothwendigkeit" />
            <SP ID="SP_14658" HPOS="1720" VPOS="1414" WIDTH="29" HEIGHT="0" />
            <String ID="Word_16536" HPOS="1749" VPOS="1429" WIDTH="86" HEIGHT="24" CONTENT="ver-" />
          </TextLine>
          <TextLine ID="TextLine_1883" HPOS="226" VPOS="1463" WIDTH="1609" HEIGHT="56">
            <String ID="Word_16537" HPOS="226" VPOS="1466" WIDTH="110" HEIGHT="44" CONTENT="setzt," />
            <SP ID="SP_14659" HPOS="336" VPOS="1463" WIDTH="31" HEIGHT="0" />
            <String ID="Word_16538" HPOS="367" VPOS="1463" WIDTH="192" HEIGHT="39" CONTENT="zwischen" />
            <SP ID="SP_14660" HPOS="559" VPOS="1463" WIDTH="31" HEIGHT="0" />
            <String ID="Word_16539" HPOS="590" VPOS="1465" WIDTH="67" HEIGHT="37" CONTENT="der" />
            <SP ID="SP_14661" HPOS="657" VPOS="1465" WIDTH="30" HEIGHT="0" />
            <String ID="Word_16540" HPOS="687" VPOS="1465" WIDTH="121" HEIGHT="38" CONTENT="schon" />
            <SP ID="SP_14662" HPOS="808" VPOS="1465" WIDTH="29" HEIGHT="0" />
            <String ID="Word_16541" HPOS="837" VPOS="1466" WIDTH="264" HEIGHT="50" CONTENT="gebrauchten" />
            <SP ID="SP_14663" HPOS="1101" VPOS="1466" WIDTH="40" HEIGHT="0" />
            <String ID="Word_16542" HPOS="1141" VPOS="1467" WIDTH="59" HEIGHT="37" CONTENT="die" />
            <SP ID="SP_14664" HPOS="1200" VPOS="1467" WIDTH="40" HEIGHT="0" />
            <String ID="Word_16543" HPOS="1240" VPOS="1468" WIDTH="165" HEIGHT="51" CONTENT="wenigst" />
            <SP ID="SP_14665" HPOS="1405" VPOS="1468" WIDTH="28" HEIGHT="0" />
            <String ID="Word_16544" HPOS="1433" VPOS="1469" WIDTH="238" HEIGHT="38" CONTENT="schmutzige" />
            <SP ID="SP_14666" HPOS="1671" VPOS="1469" WIDTH="30" HEIGHT="0" />
            <String ID="Word_16545" HPOS="1701" VPOS="1483" WIDTH="134" HEIGHT="24" CONTENT="auszu-" />
          </TextLine>
          <TextLine ID="TextLine_1884" HPOS="225" VPOS="1517" WIDTH="1610" HEIGHT="56">
            <String ID="Word_16546" HPOS="225" VPOS="1517" WIDTH="147" HEIGHT="39" CONTENT="suchen" />
            <SP ID="SP_14667" HPOS="372" VPOS="1517" WIDTH="28" HEIGHT="0" />
            <String ID="Word_16547" HPOS="400" VPOS="1519" WIDTH="81" HEIGHT="37" CONTENT="und" />
            <SP ID="SP_14668" HPOS="481" VPOS="1518" WIDTH="30" HEIGHT="0" />
            <String ID="Word_16548" HPOS="511" VPOS="1518" WIDTH="56" HEIGHT="38" CONTENT="sie" />
            <SP ID="SP_14669" HPOS="567" VPOS="1518" WIDTH="29" HEIGHT="0" />
            <String ID="Word_16549" HPOS="596" VPOS="1532" WIDTH="77" HEIGHT="25" CONTENT="von" />
            <SP ID="SP_14670" HPOS="673" VPOS="1518" WIDTH="19" HEIGHT="0" />
            <String ID="Word_16550" HPOS="692" VPOS="1518" WIDTH="153" HEIGHT="39" CONTENT="Neuem" />
            <SP ID="SP_14671" HPOS="845" VPOS="1518" WIDTH="28" HEIGHT="0" />
            <String ID="Word_16551" HPOS="873" VPOS="1533" WIDTH="88" HEIGHT="25" CONTENT="zum" />
            <SP ID="SP_14672" HPOS="961" VPOS="1519" WIDTH="21" HEIGHT="0" />
            <String ID="Word_16552" HPOS="982" VPOS="1519" WIDTH="182" HEIGHT="40" CONTENT="Verband" />
            <SP ID="SP_14673" HPOS="1164" VPOS="1519" WIDTH="21" HEIGHT="0" />
            <String ID="Word_16553" HPOS="1185" VPOS="1535" WIDTH="45" HEIGHT="24" CONTENT="zu" />
            <SP ID="SP_14674" HPOS="1230" VPOS="1523" WIDTH="21" HEIGHT="0" />
            <String ID="Word_16554" HPOS="1251" VPOS="1523" WIDTH="240" HEIGHT="37" CONTENT="verwenden." />
            <SP ID="SP_14675" HPOS="1491" VPOS="1523" WIDTH="46" HEIGHT="0" />
            <String ID="Word_16555" HPOS="1537" VPOS="1523" WIDTH="79" HEIGHT="37" CONTENT="Der" />
            <SP ID="SP_14676" HPOS="1616" VPOS="1523" WIDTH="20" HEIGHT="0" />
            <String ID="Word_16556" HPOS="1636" VPOS="1523" WIDTH="199" HEIGHT="50" CONTENT="Hospital-" />
          </TextLine>
          <TextLine ID="TextLine_1885" HPOS="228" VPOS="1573" WIDTH="1607" HEIGHT="42">
            <String ID="Word_16557" HPOS="228" VPOS="1573" WIDTH="122" HEIGHT="37" CONTENT="brand" />
            <SP ID="SP_14677" HPOS="350" VPOS="1573" WIDTH="42" HEIGHT="0" />
            <String ID="Word_16558" HPOS="392" VPOS="1573" WIDTH="133" HEIGHT="38" CONTENT="wurde" />
            <SP ID="SP_14678" HPOS="525" VPOS="1573" WIDTH="45" HEIGHT="0" />
            <String ID="Word_16559" HPOS="570" VPOS="1573" WIDTH="149" HEIGHT="38" CONTENT="danach" />
            <SP ID="SP_14679" HPOS="719" VPOS="1573" WIDTH="38" HEIGHT="0" />
            <String ID="Word_16560" HPOS="757" VPOS="1573" WIDTH="53" HEIGHT="38" CONTENT="im" />
            <SP ID="SP_14680" HPOS="810" VPOS="1573" WIDTH="37" HEIGHT="0" />
            <String ID="Word_16561" HPOS="847" VPOS="1573" WIDTH="189" HEIGHT="39" CONTENT="höchsten" />
            <SP ID="SP_14681" HPOS="1036" VPOS="1573" WIDTH="38" HEIGHT="0" />
            <String ID="Word_16562" HPOS="1074" VPOS="1574" WIDTH="125" HEIGHT="39" CONTENT="Grade" />
            <SP ID="SP_14682" HPOS="1199" VPOS="1574" WIDTH="44" HEIGHT="0" />
            <String ID="Word_16563" HPOS="1243" VPOS="1577" WIDTH="209" HEIGHT="37" CONTENT="verbreitet" />
            <SP ID="SP_14683" HPOS="1452" VPOS="1577" WIDTH="36" HEIGHT="0" />
            <String ID="Word_16564" HPOS="1488" VPOS="1577" WIDTH="78" HEIGHT="37" CONTENT="und" />
            <SP ID="SP_14684" HPOS="1566" VPOS="1577" WIDTH="28" HEIGHT="0" />
            <String ID="Word_16565" HPOS="1594" VPOS="1577" WIDTH="151" HEIGHT="38" CONTENT="machte" />
            <SP ID="SP_14685" HPOS="1745" VPOS="1577" WIDTH="30" HEIGHT="0" />
            <String ID="Word_16566" HPOS="1775" VPOS="1591" WIDTH="60" HEIGHT="24" CONTENT="er-" />
          </TextLine>
          <TextLine ID="TextLine_1886" HPOS="225" VPOS="1626" WIDTH="1611" HEIGHT="52">
            <String ID="Word_16567" HPOS="225" VPOS="1627" WIDTH="263" HEIGHT="38" CONTENT="schreckende" />
            <SP ID="SP_14686" HPOS="488" VPOS="1626" WIDTH="22" HEIGHT="0" />
            <String ID="Word_16568" HPOS="510" VPOS="1626" WIDTH="268" HEIGHT="39" CONTENT="Fortschritte." />
            <SP ID="SP_14687" HPOS="778" VPOS="1626" WIDTH="38" HEIGHT="0" />
            <String ID="Word_16569" HPOS="816" VPOS="1627" WIDTH="102" HEIGHT="47" CONTENT="Nun," />
            <SP ID="SP_14688" HPOS="918" VPOS="1627" WIDTH="30" HEIGHT="0" />
            <String ID="Word_16570" HPOS="948" VPOS="1628" WIDTH="210" HEIGHT="50" CONTENT="Delpech" />
            <SP ID="SP_14689" HPOS="1158" VPOS="1628" WIDTH="31" HEIGHT="0" />
            <String ID="Word_16571" HPOS="1189" VPOS="1630" WIDTH="185" HEIGHT="38" CONTENT="erkannte" />
            <SP ID="SP_14690" HPOS="1374" VPOS="1630" WIDTH="31" HEIGHT="0" />
            <String ID="Word_16572" HPOS="1405" VPOS="1631" WIDTH="77" HEIGHT="37" CONTENT="und" />
            <SP ID="SP_14691" HPOS="1482" VPOS="1631" WIDTH="21" HEIGHT="0" />
            <String ID="Word_16573" HPOS="1503" VPOS="1631" WIDTH="211" HEIGHT="37" CONTENT="berichtete" />
            <SP ID="SP_14692" HPOS="1714" VPOS="1631" WIDTH="21" HEIGHT="0" />
            <String ID="Word_16574" HPOS="1735" VPOS="1631" WIDTH="101" HEIGHT="37" CONTENT="offen" />
          </TextLine>
          <TextLine ID="TextLine_1887" HPOS="225" VPOS="1680" WIDTH="1609" HEIGHT="53">
            <String ID="Word_16575" HPOS="225" VPOS="1681" WIDTH="107" HEIGHT="38" CONTENT="seine" />
            <SP ID="SP_14693" HPOS="332" VPOS="1680" WIDTH="29" HEIGHT="0" />
            <String ID="Word_16576" HPOS="361" VPOS="1680" WIDTH="159" HEIGHT="39" CONTENT="Fehler!" />
            <SP ID="SP_14694" HPOS="520" VPOS="1680" WIDTH="59" HEIGHT="0" />
            <String ID="Word_16577" HPOS="579" VPOS="1680" WIDTH="114" HEIGHT="39" CONTENT="Auch" />
            <SP ID="SP_14695" HPOS="693" VPOS="1680" WIDTH="29" HEIGHT="0" />
            <String ID="Word_16578" HPOS="722" VPOS="1681" WIDTH="40" HEIGHT="38" CONTENT="in" />
            <SP ID="SP_14696" HPOS="762" VPOS="1681" WIDTH="25" HEIGHT="0" />
            <String ID="Word_16579" HPOS="787" VPOS="1682" WIDTH="112" HEIGHT="49" CONTENT="jener" />
            <SP ID="SP_14697" HPOS="899" VPOS="1682" WIDTH="28" HEIGHT="0" />
            <String ID="Word_16580" HPOS="927" VPOS="1683" WIDTH="84" HEIGHT="38" CONTENT="Zeit" />
            <SP ID="SP_14698" HPOS="1011" VPOS="1683" WIDTH="28" HEIGHT="0" />
            <String ID="Word_16581" HPOS="1039" VPOS="1684" WIDTH="77" HEIGHT="49" CONTENT="gab" />
            <SP ID="SP_14699" HPOS="1116" VPOS="1684" WIDTH="31" HEIGHT="0" />
            <String ID="Word_16582" HPOS="1147" VPOS="1697" WIDTH="39" HEIGHT="24" CONTENT="es" />
            <SP ID="SP_14700" HPOS="1186" VPOS="1683" WIDTH="30" HEIGHT="0" />
            <String ID="Word_16583" HPOS="1216" VPOS="1683" WIDTH="154" HEIGHT="39" CONTENT="Aerzte," />
            <SP ID="SP_14701" HPOS="1370" VPOS="1683" WIDTH="39" HEIGHT="0" />
            <String ID="Word_16584" HPOS="1409" VPOS="1684" WIDTH="143" HEIGHT="38" CONTENT="welche" />
            <SP ID="SP_14702" HPOS="1552" VPOS="1684" WIDTH="30" HEIGHT="0" />
            <String ID="Word_16585" HPOS="1582" VPOS="1684" WIDTH="70" HEIGHT="38" CONTENT="mit" />
            <SP ID="SP_14703" HPOS="1652" VPOS="1684" WIDTH="29" HEIGHT="0" />
            <String ID="Word_16586" HPOS="1681" VPOS="1684" WIDTH="153" HEIGHT="39" CONTENT="Sicher-" />
          </TextLine>
          <TextLine ID="TextLine_1888" HPOS="224" VPOS="1735" WIDTH="1613" HEIGHT="53">
            <String ID="Word_16587" HPOS="224" VPOS="1735" WIDTH="84" HEIGHT="39" CONTENT="heit" />
            <SP ID="SP_14704" HPOS="308" VPOS="1735" WIDTH="39" HEIGHT="0" />
            <String ID="Word_16588" HPOS="347" VPOS="1735" WIDTH="168" HEIGHT="38" CONTENT="erkannt" />
            <SP ID="SP_14705" HPOS="515" VPOS="1735" WIDTH="36" HEIGHT="0" />
            <String ID="Word_16589" HPOS="551" VPOS="1736" WIDTH="152" HEIGHT="46" CONTENT="hatten," />
            <SP ID="SP_14706" HPOS="703" VPOS="1736" WIDTH="41" HEIGHT="0" />
            <String ID="Word_16590" HPOS="744" VPOS="1736" WIDTH="87" HEIGHT="38" CONTENT="dass" />
            <SP ID="SP_14707" HPOS="831" VPOS="1736" WIDTH="41" HEIGHT="0" />
            <String ID="Word_16591" HPOS="872" VPOS="1737" WIDTH="60" HEIGHT="38" CONTENT="die" />
            <SP ID="SP_14708" HPOS="932" VPOS="1736" WIDTH="44" HEIGHT="0" />
            <String ID="Word_16592" HPOS="976" VPOS="1736" WIDTH="263" HEIGHT="52" CONTENT="Verbreitung" />
            <SP ID="SP_14709" HPOS="1239" VPOS="1736" WIDTH="38" HEIGHT="0" />
            <String ID="Word_16593" HPOS="1277" VPOS="1739" WIDTH="65" HEIGHT="37" CONTENT="des" />
            <SP ID="SP_14710" HPOS="1342" VPOS="1738" WIDTH="39" HEIGHT="0" />
            <String ID="Word_16594" HPOS="1381" VPOS="1738" WIDTH="345" HEIGHT="38" CONTENT="Hospitalbrandes" />
            <SP ID="SP_14711" HPOS="1726" VPOS="1738" WIDTH="38" HEIGHT="0" />
            <String ID="Word_16595" HPOS="1764" VPOS="1751" WIDTH="73" HEIGHT="25" CONTENT="nur" />
          </TextLine>
          <TextLine ID="TextLine_1889" HPOS="226" VPOS="1789" WIDTH="1610" HEIGHT="51">
            <String ID="Word_16596" HPOS="226" VPOS="1790" WIDTH="122" HEIGHT="38" CONTENT="durch" />
            <SP ID="SP_14712" HPOS="348" VPOS="1789" WIDTH="30" HEIGHT="0" />
            <String ID="Word_16597" HPOS="378" VPOS="1789" WIDTH="185" HEIGHT="39" CONTENT="örtliches" />
            <SP ID="SP_14713" HPOS="563" VPOS="1789" WIDTH="31" HEIGHT="0" />
            <String ID="Word_16598" HPOS="594" VPOS="1789" WIDTH="234" HEIGHT="51" CONTENT="Contagium" />
            <SP ID="SP_14714" HPOS="828" VPOS="1789" WIDTH="29" HEIGHT="0" />
            <String ID="Word_16599" HPOS="857" VPOS="1791" WIDTH="203" HEIGHT="49" CONTENT="geschehe." />
            <SP ID="SP_14715" HPOS="1060" VPOS="1791" WIDTH="68" HEIGHT="0" />
            <String ID="Word_16600" HPOS="1128" VPOS="1791" WIDTH="292" HEIGHT="39" CONTENT="Blackadder" />
            <SP ID="SP_14716" HPOS="1420" VPOS="1791" WIDTH="29" HEIGHT="0" />
            <String ID="Word_16601" HPOS="1449" VPOS="1806" WIDTH="30" HEIGHT="23" CONTENT="z." />
            <SP ID="SP_14717" HPOS="1479" VPOS="1792" WIDTH="31" HEIGHT="0" />
            <String ID="Word_16602" HPOS="1510" VPOS="1792" WIDTH="44" HEIGHT="37" CONTENT="B." />
            <SP ID="SP_14718" HPOS="1554" VPOS="1791" WIDTH="31" HEIGHT="0" />
            <String ID="Word_16603" HPOS="1585" VPOS="1791" WIDTH="166" HEIGHT="39" CONTENT="verwarf" />
            <SP ID="SP_14719" HPOS="1751" VPOS="1791" WIDTH="25" HEIGHT="0" />
            <String ID="Word_16604" HPOS="1776" VPOS="1792" WIDTH="60" HEIGHT="37" CONTENT="die" />
          </TextLine>
          <TextLine ID="TextLine_1890" HPOS="224" VPOS="1843" WIDTH="1613" HEIGHT="52">
            <String ID="Word_16605" HPOS="224" VPOS="1844" WIDTH="255" HEIGHT="51" CONTENT="Mittheilung" />
            <SP ID="SP_14720" HPOS="479" VPOS="1844" WIDTH="29" HEIGHT="0" />
            <String ID="Word_16606" HPOS="508" VPOS="1844" WIDTH="67" HEIGHT="38" CONTENT="des" />
            <SP ID="SP_14721" HPOS="575" VPOS="1843" WIDTH="36" HEIGHT="0" />
            <String ID="Word_16607" HPOS="611" VPOS="1843" WIDTH="233" HEIGHT="52" CONTENT="Contagium" />
            <SP ID="SP_14722" HPOS="844" VPOS="1843" WIDTH="30" HEIGHT="0" />
            <String ID="Word_16608" HPOS="874" VPOS="1845" WIDTH="120" HEIGHT="38" CONTENT="durch" />
            <SP ID="SP_14723" HPOS="994" VPOS="1845" WIDTH="31" HEIGHT="0" />
            <String ID="Word_16609" HPOS="1025" VPOS="1846" WIDTH="60" HEIGHT="36" CONTENT="die" />
            <SP ID="SP_14724" HPOS="1085" VPOS="1846" WIDTH="34" HEIGHT="0" />
            <String ID="Word_16610" HPOS="1119" VPOS="1846" WIDTH="94" HEIGHT="37" CONTENT="Luft" />
            <SP ID="SP_14725" HPOS="1213" VPOS="1846" WIDTH="28" HEIGHT="0" />
            <String ID="Word_16611" HPOS="1241" VPOS="1847" WIDTH="79" HEIGHT="37" CONTENT="und" />
            <SP ID="SP_14726" HPOS="1320" VPOS="1846" WIDTH="27" HEIGHT="0" />
            <String ID="Word_16612" HPOS="1347" VPOS="1846" WIDTH="136" HEIGHT="38" CONTENT="lehrte," />
            <SP ID="SP_14727" HPOS="1483" VPOS="1846" WIDTH="31" HEIGHT="0" />
            <String ID="Word_16613" HPOS="1514" VPOS="1860" WIDTH="90" HEIGHT="24" CONTENT="man" />
            <SP ID="SP_14728" HPOS="1604" VPOS="1847" WIDTH="19" HEIGHT="0" />
            <String ID="Word_16614" HPOS="1623" VPOS="1847" WIDTH="126" HEIGHT="36" CONTENT="könne" />
            <SP ID="SP_14729" HPOS="1749" VPOS="1846" WIDTH="22" HEIGHT="0" />
            <String ID="Word_16615" HPOS="1771" VPOS="1846" WIDTH="66" HEIGHT="37" CONTENT="der" />
          </TextLine>
          <TextLine ID="TextLine_1891" HPOS="224" VPOS="1898" WIDTH="1612" HEIGHT="53">
            <String ID="Word_16616" HPOS="224" VPOS="1898" WIDTH="268" HEIGHT="38" CONTENT="Verbreitung" />
            <SP ID="SP_14730" HPOS="492" VPOS="1898" WIDTH="44" HEIGHT="0" />
            <String ID="Word_16617" HPOS="536" VPOS="1899" WIDTH="68" HEIGHT="37" CONTENT="der" />
            <SP ID="SP_14731" HPOS="604" VPOS="1898" WIDTH="28" HEIGHT="0" />
            <String ID="Word_16618" HPOS="632" VPOS="1898" WIDTH="222" HEIGHT="38" CONTENT="Krankheit" />
            <SP ID="SP_14732" HPOS="854" VPOS="1898" WIDTH="39" HEIGHT="0" />
            <String ID="Word_16619" HPOS="893" VPOS="1913" WIDTH="73" HEIGHT="24" CONTENT="nur" />
            <SP ID="SP_14733" HPOS="966" VPOS="1899" WIDTH="35" HEIGHT="0" />
            <String ID="Word_16620" HPOS="1001" VPOS="1899" WIDTH="171" HEIGHT="38" CONTENT="dadurch" />
            <SP ID="SP_14734" HPOS="1172" VPOS="1899" WIDTH="37" HEIGHT="0" />
            <String ID="Word_16621" HPOS="1209" VPOS="1900" WIDTH="364" HEIGHT="51" CONTENT="entgegenwirken," />
            <SP ID="SP_14735" HPOS="1573" VPOS="1900" WIDTH="46" HEIGHT="0" />
            <String ID="Word_16622" HPOS="1619" VPOS="1900" WIDTH="85" HEIGHT="37" CONTENT="dass" />
            <SP ID="SP_14736" HPOS="1704" VPOS="1900" WIDTH="43" HEIGHT="0" />
            <String ID="Word_16623" HPOS="1747" VPOS="1913" WIDTH="89" HEIGHT="24" CONTENT="man" />
          </TextLine>
          <TextLine ID="TextLine_1892" HPOS="225" VPOS="1952" WIDTH="1610" HEIGHT="52">
            <String ID="Word_16624" HPOS="225" VPOS="1955" WIDTH="159" HEIGHT="36" CONTENT="strenge" />
            <SP ID="SP_14737" HPOS="384" VPOS="1952" WIDTH="29" HEIGHT="0" />
            <String ID="Word_16625" HPOS="413" VPOS="1952" WIDTH="365" HEIGHT="39" CONTENT="Aufmerksamkeit" />
            <SP ID="SP_14738" HPOS="778" VPOS="1952" WIDTH="29" HEIGHT="0" />
            <String ID="Word_16626" HPOS="807" VPOS="1953" WIDTH="70" HEIGHT="38" CONTENT="auf" />
            <SP ID="SP_14739" HPOS="877" VPOS="1953" WIDTH="26" HEIGHT="0" />
            <String ID="Word_16627" HPOS="903" VPOS="1953" WIDTH="261" HEIGHT="39" CONTENT="Reinlichkeit" />
            <SP ID="SP_14740" HPOS="1164" VPOS="1953" WIDTH="28" HEIGHT="0" />
            <String ID="Word_16628" HPOS="1192" VPOS="1955" WIDTH="212" HEIGHT="37" CONTENT="verwende," />
            <SP ID="SP_14741" HPOS="1404" VPOS="1954" WIDTH="32" HEIGHT="0" />
            <String ID="Word_16629" HPOS="1436" VPOS="1954" WIDTH="60" HEIGHT="37" CONTENT="die" />
            <SP ID="SP_14742" HPOS="1496" VPOS="1953" WIDTH="29" HEIGHT="0" />
            <String ID="Word_16630" HPOS="1525" VPOS="1953" WIDTH="202" HEIGHT="38" CONTENT="Patienten" />
            <SP ID="SP_14743" HPOS="1727" VPOS="1953" WIDTH="30" HEIGHT="0" />
            <String ID="Word_16631" HPOS="1757" VPOS="1953" WIDTH="78" HEIGHT="38" CONTENT="iso-" />
          </TextLine>
          <TextLine ID="TextLine_1893" HPOS="224" VPOS="2007" WIDTH="1613" HEIGHT="49">
            <String ID="Word_16632" HPOS="224" VPOS="2007" WIDTH="91" HEIGHT="38" CONTENT="lire," />
            <SP ID="SP_14744" HPOS="315" VPOS="2007" WIDTH="47" HEIGHT="0" />
            <String ID="Word_16633" HPOS="362" VPOS="2021" WIDTH="41" HEIGHT="24" CONTENT="so" />
            <SP ID="SP_14745" HPOS="403" VPOS="2008" WIDTH="39" HEIGHT="0" />
            <String ID="Word_16634" HPOS="442" VPOS="2008" WIDTH="88" HEIGHT="37" CONTENT="dass" />
            <SP ID="SP_14746" HPOS="530" VPOS="2007" WIDTH="45" HEIGHT="0" />
            <String ID="Word_16635" HPOS="575" VPOS="2007" WIDTH="54" HEIGHT="38" CONTENT="sie" />
            <SP ID="SP_14747" HPOS="629" VPOS="2007" WIDTH="44" HEIGHT="0" />
            <String ID="Word_16636" HPOS="673" VPOS="2007" WIDTH="72" HEIGHT="38" CONTENT="mit" />
            <SP ID="SP_14748" HPOS="745" VPOS="2007" WIDTH="42" HEIGHT="0" />
            <String ID="Word_16637" HPOS="787" VPOS="2007" WIDTH="73" HEIGHT="38" CONTENT="den" />
            <SP ID="SP_14749" HPOS="860" VPOS="2007" WIDTH="39" HEIGHT="0" />
            <String ID="Word_16638" HPOS="899" VPOS="2008" WIDTH="169" HEIGHT="37" CONTENT="anderen" />
            <SP ID="SP_14750" HPOS="1068" VPOS="2008" WIDTH="41" HEIGHT="0" />
            <String ID="Word_16639" HPOS="1109" VPOS="2009" WIDTH="36" HEIGHT="36" CONTENT="in" />
            <SP ID="SP_14751" HPOS="1145" VPOS="2008" WIDTH="39" HEIGHT="0" />
            <String ID="Word_16640" HPOS="1184" VPOS="2008" WIDTH="186" HEIGHT="38" CONTENT="keinerlei" />
            <SP ID="SP_14752" HPOS="1370" VPOS="2008" WIDTH="42" HEIGHT="0" />
            <String ID="Word_16641" HPOS="1412" VPOS="2008" WIDTH="142" HEIGHT="38" CONTENT="directe" />
            <SP ID="SP_14753" HPOS="1554" VPOS="2007" WIDTH="32" HEIGHT="0" />
            <String ID="Word_16642" HPOS="1586" VPOS="2007" WIDTH="251" HEIGHT="49" CONTENT="Verbindung" />
          </TextLine>
          <TextLine ID="TextLine_1894" HPOS="225" VPOS="2060" WIDTH="1611" HEIGHT="52">
            <String ID="Word_16643" HPOS="225" VPOS="2062" WIDTH="197" HEIGHT="37" CONTENT="kommen." />
            <SP ID="SP_14754" HPOS="422" VPOS="2061" WIDTH="60" HEIGHT="0" />
            <String ID="Word_16644" HPOS="482" VPOS="2061" WIDTH="127" HEIGHT="39" CONTENT="Unter" />
            <SP ID="SP_14755" HPOS="609" VPOS="2061" WIDTH="32" HEIGHT="0" />
            <String ID="Word_16645" HPOS="641" VPOS="2062" WIDTH="75" HEIGHT="36" CONTENT="100" />
            <SP ID="SP_14756" HPOS="716" VPOS="2060" WIDTH="31" HEIGHT="0" />
            <String ID="Word_16646" HPOS="747" VPOS="2060" WIDTH="137" HEIGHT="40" CONTENT="Fällen" />
            <SP ID="SP_14757" HPOS="884" VPOS="2060" WIDTH="30" HEIGHT="0" />
            <String ID="Word_16647" HPOS="914" VPOS="2062" WIDTH="170" HEIGHT="45" CONTENT="werden," />
            <SP ID="SP_14758" HPOS="1084" VPOS="2062" WIDTH="41" HEIGHT="0" />
            <String ID="Word_16648" HPOS="1125" VPOS="2065" WIDTH="88" HEIGHT="47" CONTENT="sagt" />
            <SP ID="SP_14759" HPOS="1213" VPOS="2062" WIDTH="36" HEIGHT="0" />
            <String ID="Word_16649" HPOS="1249" VPOS="2062" WIDTH="334" HEIGHT="38" CONTENT="Blackadder," />
            <SP ID="SP_14760" HPOS="1583" VPOS="2061" WIDTH="41" HEIGHT="0" />
            <String ID="Word_16650" HPOS="1624" VPOS="2061" WIDTH="49" HEIGHT="37" CONTENT="99" />
            <SP ID="SP_14761" HPOS="1673" VPOS="2061" WIDTH="43" HEIGHT="0" />
            <String ID="Word_16651" HPOS="1716" VPOS="2061" WIDTH="120" HEIGHT="38" CONTENT="durch" />
          </TextLine>
          <TextLine ID="TextLine_1895" HPOS="225" VPOS="2114" WIDTH="1609" HEIGHT="51">
            <String ID="Word_16652" HPOS="225" VPOS="2118" WIDTH="278" HEIGHT="36" CONTENT="unmittelbare" />
            <SP ID="SP_14762" HPOS="503" VPOS="2114" WIDTH="21" HEIGHT="0" />
            <String ID="Word_16653" HPOS="524" VPOS="2114" WIDTH="253" HEIGHT="51" CONTENT="Application" />
            <SP ID="SP_14763" HPOS="777" VPOS="2114" WIDTH="30" HEIGHT="0" />
            <String ID="Word_16654" HPOS="807" VPOS="2116" WIDTH="66" HEIGHT="37" CONTENT="des" />
            <SP ID="SP_14764" HPOS="873" VPOS="2115" WIDTH="30" HEIGHT="0" />
            <String ID="Word_16655" HPOS="903" VPOS="2115" WIDTH="349" HEIGHT="39" CONTENT="Krankheitsstoffs" />
            <SP ID="SP_14765" HPOS="1252" VPOS="2115" WIDTH="30" HEIGHT="0" />
            <String ID="Word_16656" HPOS="1282" VPOS="2115" WIDTH="70" HEIGHT="38" CONTENT="auf" />
            <SP ID="SP_14766" HPOS="1352" VPOS="2115" WIDTH="30" HEIGHT="0" />
            <String ID="Word_16657" HPOS="1382" VPOS="2116" WIDTH="60" HEIGHT="37" CONTENT="die" />
            <SP ID="SP_14767" HPOS="1442" VPOS="2115" WIDTH="28" HEIGHT="0" />
            <String ID="Word_16658" HPOS="1470" VPOS="2115" WIDTH="183" HEIGHT="38" CONTENT="Wunden" />
            <SP ID="SP_14768" HPOS="1653" VPOS="2114" WIDTH="28" HEIGHT="0" />
            <String ID="Word_16659" HPOS="1681" VPOS="2114" WIDTH="153" HEIGHT="38" CONTENT="herbei-" />
          </TextLine>
          <TextLine ID="TextLine_1896" HPOS="225" VPOS="2168" WIDTH="1610" HEIGHT="54">
            <String ID="Word_16660" HPOS="225" VPOS="2170" WIDTH="173" HEIGHT="52" CONTENT="geführt." />
            <SP ID="SP_14769" HPOS="398" VPOS="2170" WIDTH="58" HEIGHT="0" />
            <String ID="Word_16661" HPOS="456" VPOS="2170" WIDTH="57" HEIGHT="37" CONTENT="Er" />
            <SP ID="SP_14770" HPOS="513" VPOS="2170" WIDTH="30" HEIGHT="0" />
            <String ID="Word_16662" HPOS="543" VPOS="2170" WIDTH="70" HEIGHT="38" CONTENT="sah" />
            <SP ID="SP_14771" HPOS="613" VPOS="2168" WIDTH="31" HEIGHT="0" />
            <String ID="Word_16663" HPOS="644" VPOS="2168" WIDTH="86" HEIGHT="51" CONTENT="(wie" />
            <SP ID="SP_14772" HPOS="730" VPOS="2168" WIDTH="31" HEIGHT="0" />
            <String ID="Word_16664" HPOS="761" VPOS="2168" WIDTH="189" HEIGHT="39" CONTENT="Gerson" />
            <SP ID="SP_14773" HPOS="950" VPOS="2168" WIDTH="30" HEIGHT="0" />
            <String ID="Word_16665" HPOS="980" VPOS="2170" WIDTH="202" HEIGHT="38" CONTENT="berichtet," />
            <SP ID="SP_14774" HPOS="1182" VPOS="2169" WIDTH="32" HEIGHT="0" />
            <String ID="Word_16666" HPOS="1214" VPOS="2169" WIDTH="37" HEIGHT="39" CONTENT="S." />
            <SP ID="SP_14775" HPOS="1251" VPOS="2168" WIDTH="33" HEIGHT="0" />
            <String ID="Word_16667" HPOS="1284" VPOS="2168" WIDTH="65" HEIGHT="50" CONTENT="85)" />
            <SP ID="SP_14776" HPOS="1349" VPOS="2168" WIDTH="32" HEIGHT="0" />
            <String ID="Word_16668" HPOS="1381" VPOS="2169" WIDTH="144" HEIGHT="45" CONTENT="darauf," />
            <SP ID="SP_14777" HPOS="1525" VPOS="2169" WIDTH="39" HEIGHT="0" />
            <String ID="Word_16669" HPOS="1564" VPOS="2182" WIDTH="109" HEIGHT="32" CONTENT="„dass" />
            <SP ID="SP_14778" HPOS="1673" VPOS="2168" WIDTH="38" HEIGHT="0" />
            <String ID="Word_16670" HPOS="1711" VPOS="2168" WIDTH="124" HEIGHT="38" CONTENT="nichts" />
          </TextLine>
          <TextLine ID="TextLine_1897" HPOS="227" VPOS="2222" WIDTH="1609" HEIGHT="51">
            <String ID="Word_16671" HPOS="227" VPOS="2225" WIDTH="60" HEIGHT="38" CONTENT="die" />
            <SP ID="SP_14779" HPOS="287" VPOS="2225" WIDTH="30" HEIGHT="0" />
            <String ID="Word_16672" HPOS="317" VPOS="2225" WIDTH="135" HEIGHT="37" CONTENT="reinen" />
            <SP ID="SP_14780" HPOS="452" VPOS="2224" WIDTH="30" HEIGHT="0" />
            <String ID="Word_16673" HPOS="482" VPOS="2224" WIDTH="183" HEIGHT="38" CONTENT="Wunden" />
            <SP ID="SP_14781" HPOS="665" VPOS="2224" WIDTH="29" HEIGHT="0" />
            <String ID="Word_16674" HPOS="694" VPOS="2224" WIDTH="195" HEIGHT="38" CONTENT="berühren" />
            <SP ID="SP_14782" HPOS="889" VPOS="2224" WIDTH="28" HEIGHT="0" />
            <String ID="Word_16675" HPOS="917" VPOS="2224" WIDTH="157" HEIGHT="38" CONTENT="konnte," />
            <SP ID="SP_14783" HPOS="1074" VPOS="2224" WIDTH="40" HEIGHT="0" />
            <String ID="Word_16676" HPOS="1114" VPOS="2237" WIDTH="78" HEIGHT="24" CONTENT="was" />
            <SP ID="SP_14784" HPOS="1192" VPOS="2224" WIDTH="36" HEIGHT="0" />
            <String ID="Word_16677" HPOS="1228" VPOS="2224" WIDTH="70" HEIGHT="37" CONTENT="mit" />
            <SP ID="SP_14785" HPOS="1298" VPOS="2224" WIDTH="35" HEIGHT="0" />
            <String ID="Word_16678" HPOS="1333" VPOS="2224" WIDTH="72" HEIGHT="37" CONTENT="den" />
            <SP ID="SP_14786" HPOS="1405" VPOS="2222" WIDTH="35" HEIGHT="0" />
            <String ID="Word_16679" HPOS="1440" VPOS="2222" WIDTH="396" HEIGHT="51" CONTENT="Hospitalbrandigen" />
          </TextLine>
          <TextLine ID="TextLine_1898" HPOS="225" VPOS="2276" WIDTH="1611" HEIGHT="53">
            <String ID="Word_16680" HPOS="225" VPOS="2279" WIDTH="42" HEIGHT="38" CONTENT="in" />
            <SP ID="SP_14787" HPOS="267" VPOS="2279" WIDTH="31" HEIGHT="0" />
            <String ID="Word_16681" HPOS="298" VPOS="2279" WIDTH="149" HEIGHT="50" CONTENT="einiger" />
            <SP ID="SP_14788" HPOS="447" VPOS="2278" WIDTH="19" HEIGHT="0" />
            <String ID="Word_16682" HPOS="466" VPOS="2278" WIDTH="259" HEIGHT="51" CONTENT="Verbindung" />
            <SP ID="SP_14789" HPOS="725" VPOS="2278" WIDTH="28" HEIGHT="0" />
            <String ID="Word_16683" HPOS="753" VPOS="2279" WIDTH="214" HEIGHT="50" CONTENT="gestanden" />
            <SP ID="SP_14790" HPOS="967" VPOS="2279" WIDTH="30" HEIGHT="0" />
            <String ID="Word_16684" HPOS="997" VPOS="2279" WIDTH="119" HEIGHT="37" CONTENT="hatte." />
            <SP ID="SP_14791" HPOS="1116" VPOS="2278" WIDTH="58" HEIGHT="0" />
            <String ID="Word_16685" HPOS="1174" VPOS="2278" WIDTH="73" HEIGHT="38" CONTENT="Die" />
            <SP ID="SP_14792" HPOS="1247" VPOS="2277" WIDTH="21" HEIGHT="0" />
            <String ID="Word_16686" HPOS="1268" VPOS="2277" WIDTH="183" HEIGHT="38" CONTENT="Wunden" />
            <SP ID="SP_14793" HPOS="1451" VPOS="2277" WIDTH="28" HEIGHT="0" />
            <String ID="Word_16687" HPOS="1479" VPOS="2290" WIDTH="158" HEIGHT="25" CONTENT="wurden" />
            <SP ID="SP_14794" HPOS="1637" VPOS="2276" WIDTH="30" HEIGHT="0" />
            <String ID="Word_16688" HPOS="1667" VPOS="2276" WIDTH="169" HEIGHT="38" CONTENT="dadurch" />
          </TextLine>
          <TextLine ID="TextLine_1899" HPOS="225" VPOS="2329" WIDTH="1611" HEIGHT="56">
            <String ID="Word_16689" HPOS="225" VPOS="2334" WIDTH="246" HEIGHT="51" CONTENT="gewaschen," />
            <SP ID="SP_14795" HPOS="471" VPOS="2333" WIDTH="33" HEIGHT="0" />
            <String ID="Word_16690" HPOS="504" VPOS="2333" WIDTH="88" HEIGHT="38" CONTENT="dass" />
            <SP ID="SP_14796" HPOS="592" VPOS="2333" WIDTH="30" HEIGHT="0" />
            <String ID="Word_16691" HPOS="622" VPOS="2346" WIDTH="68" HEIGHT="25" CONTENT="aus" />
            <SP ID="SP_14797" HPOS="690" VPOS="2332" WIDTH="30" HEIGHT="0" />
            <String ID="Word_16692" HPOS="720" VPOS="2332" WIDTH="125" HEIGHT="38" CONTENT="einem" />
            <SP ID="SP_14798" HPOS="845" VPOS="2331" WIDTH="31" HEIGHT="0" />
            <String ID="Word_16693" HPOS="876" VPOS="2331" WIDTH="203" HEIGHT="40" CONTENT="Thontopf" />
            <SP ID="SP_14799" HPOS="1079" VPOS="2331" WIDTH="23" HEIGHT="0" />
            <String ID="Word_16694" HPOS="1102" VPOS="2332" WIDTH="40" HEIGHT="38" CONTENT="in" />
            <SP ID="SP_14800" HPOS="1142" VPOS="2332" WIDTH="30" HEIGHT="0" />
            <String ID="Word_16695" HPOS="1172" VPOS="2332" WIDTH="67" HEIGHT="38" CONTENT="der" />
            <SP ID="SP_14801" HPOS="1239" VPOS="2331" WIDTH="28" HEIGHT="0" />
            <String ID="Word_16696" HPOS="1267" VPOS="2331" WIDTH="112" HEIGHT="39" CONTENT="Höhe" />
            <SP ID="SP_14802" HPOS="1379" VPOS="2331" WIDTH="30" HEIGHT="0" />
            <String ID="Word_16697" HPOS="1409" VPOS="2344" WIDTH="75" HEIGHT="25" CONTENT="von" />
            <SP ID="SP_14803" HPOS="1484" VPOS="2331" WIDTH="29" HEIGHT="0" />
            <String ID="Word_16698" HPOS="1513" VPOS="2331" WIDTH="152" HEIGHT="50" CONTENT="einigen" />
            <SP ID="SP_14804" HPOS="1665" VPOS="2329" WIDTH="25" HEIGHT="0" />
            <String ID="Word_16699" HPOS="1690" VPOS="2329" WIDTH="146" HEIGHT="39" CONTENT="Fussen" />
          </TextLine>
          <TextLine ID="TextLine_1900" HPOS="226" VPOS="2383" WIDTH="1611" HEIGHT="55">
            <String ID="Word_16700" HPOS="226" VPOS="2388" WIDTH="163" HEIGHT="38" CONTENT="Wasser" />
            <SP ID="SP_14805" HPOS="389" VPOS="2387" WIDTH="30" HEIGHT="0" />
            <String ID="Word_16701" HPOS="419" VPOS="2387" WIDTH="70" HEIGHT="38" CONTENT="auf" />
            <SP ID="SP_14806" HPOS="489" VPOS="2387" WIDTH="26" HEIGHT="0" />
            <String ID="Word_16702" HPOS="515" VPOS="2387" WIDTH="55" HEIGHT="38" CONTENT="sie" />
            <SP ID="SP_14807" HPOS="570" VPOS="2387" WIDTH="31" HEIGHT="0" />
            <String ID="Word_16703" HPOS="601" VPOS="2400" WIDTH="194" HEIGHT="38" CONTENT="gegossen" />
            <SP ID="SP_14808" HPOS="795" VPOS="2387" WIDTH="28" HEIGHT="0" />
            <String ID="Word_16704" HPOS="823" VPOS="2387" WIDTH="150" HEIGHT="38" CONTENT="wurde;" />
            <SP ID="SP_14809" HPOS="973" VPOS="2387" WIDTH="34" HEIGHT="0" />
            <String ID="Word_16705" HPOS="1007" VPOS="2387" WIDTH="59" HEIGHT="37" CONTENT="die" />
            <SP ID="SP_14810" HPOS="1066" VPOS="2386" WIDTH="31" HEIGHT="0" />
            <String ID="Word_16706" HPOS="1097" VPOS="2386" WIDTH="276" HEIGHT="38" CONTENT="angesteckten" />
            <SP ID="SP_14811" HPOS="1373" VPOS="2385" WIDTH="20" HEIGHT="0" />
            <String ID="Word_16707" HPOS="1393" VPOS="2385" WIDTH="284" HEIGHT="38" CONTENT="Verwundeten" />
            <SP ID="SP_14812" HPOS="1677" VPOS="2383" WIDTH="29" HEIGHT="0" />
            <String ID="Word_16708" HPOS="1706" VPOS="2383" WIDTH="131" HEIGHT="50" CONTENT="legten" />
          </TextLine>
          <TextLine ID="TextLine_1901" HPOS="227" VPOS="2437" WIDTH="1606" HEIGHT="55">
            <String ID="Word_16709" HPOS="227" VPOS="2442" WIDTH="82" HEIGHT="39" CONTENT="sich" />
            <SP ID="SP_14813" HPOS="309" VPOS="2442" WIDTH="30" HEIGHT="0" />
            <String ID="Word_16710" HPOS="339" VPOS="2442" WIDTH="124" HEIGHT="38" CONTENT="selbst" />
            <SP ID="SP_14814" HPOS="463" VPOS="2441" WIDTH="20" HEIGHT="0" />
            <String ID="Word_16711" HPOS="483" VPOS="2441" WIDTH="168" HEIGHT="39" CONTENT="Charpie" />
            <SP ID="SP_14815" HPOS="651" VPOS="2441" WIDTH="30" HEIGHT="0" />
            <String ID="Word_16712" HPOS="681" VPOS="2441" WIDTH="70" HEIGHT="37" CONTENT="auf" />
            <SP ID="SP_14816" HPOS="751" VPOS="2441" WIDTH="24" HEIGHT="0" />
            <String ID="Word_16713" HPOS="775" VPOS="2441" WIDTH="80" HEIGHT="37" CONTENT="und" />
            <SP ID="SP_14817" HPOS="855" VPOS="2441" WIDTH="30" HEIGHT="0" />
            <String ID="Word_16714" HPOS="885" VPOS="2441" WIDTH="59" HEIGHT="37" CONTENT="die" />
            <SP ID="SP_14818" HPOS="944" VPOS="2439" WIDTH="21" HEIGHT="0" />
            <String ID="Word_16715" HPOS="965" VPOS="2439" WIDTH="249" HEIGHT="51" CONTENT="Application" />
            <SP ID="SP_14819" HPOS="1214" VPOS="2439" WIDTH="31" HEIGHT="0" />
            <String ID="Word_16716" HPOS="1245" VPOS="2441" WIDTH="67" HEIGHT="37" CONTENT="der" />
            <SP ID="SP_14820" HPOS="1312" VPOS="2439" WIDTH="20" HEIGHT="0" />
            <String ID="Word_16717" HPOS="1332" VPOS="2439" WIDTH="128" HEIGHT="38" CONTENT="Mittel" />
            <SP ID="SP_14821" HPOS="1460" VPOS="2439" WIDTH="21" HEIGHT="0" />
            <String ID="Word_16718" HPOS="1481" VPOS="2439" WIDTH="68" HEIGHT="38" CONTENT="auf" />
            <SP ID="SP_14822" HPOS="1549" VPOS="2439" WIDTH="26" HEIGHT="0" />
            <String ID="Word_16719" HPOS="1575" VPOS="2439" WIDTH="59" HEIGHT="37" CONTENT="die" />
            <SP ID="SP_14823" HPOS="1634" VPOS="2437" WIDTH="21" HEIGHT="0" />
            <String ID="Word_16720" HPOS="1655" VPOS="2437" WIDTH="178" HEIGHT="38" CONTENT="Wunden" />
          </TextLine>
          <TextLine ID="TextLine_1902" HPOS="226" VPOS="2491" WIDTH="1610" HEIGHT="57">
            <String ID="Word_16721" HPOS="226" VPOS="2496" WIDTH="173" HEIGHT="52" CONTENT="geschah" />
            <SP ID="SP_14824" HPOS="399" VPOS="2496" WIDTH="43" HEIGHT="0" />
            <String ID="Word_16722" HPOS="442" VPOS="2496" WIDTH="73" HEIGHT="38" CONTENT="wie" />
            <SP ID="SP_14825" HPOS="515" VPOS="2496" WIDTH="42" HEIGHT="0" />
            <String ID="Word_16723" HPOS="557" VPOS="2497" WIDTH="67" HEIGHT="37" CONTENT="das" />
            <SP ID="SP_14826" HPOS="624" VPOS="2495" WIDTH="30" HEIGHT="0" />
            <String ID="Word_16724" HPOS="654" VPOS="2495" WIDTH="231" HEIGHT="38" CONTENT="Waschen.&quot;" />
            <SP ID="SP_14827" HPOS="885" VPOS="2494" WIDTH="78" HEIGHT="0" />
            <String ID="Word_16725" HPOS="963" VPOS="2494" WIDTH="319" HEIGHT="39" CONTENT="Blackadder" />
            <SP ID="SP_14828" HPOS="1282" VPOS="2494" WIDTH="42" HEIGHT="0" />
            <String ID="Word_16726" HPOS="1324" VPOS="2494" WIDTH="102" HEIGHT="37" CONTENT="legte" />
            <SP ID="SP_14829" HPOS="1426" VPOS="2494" WIDTH="40" HEIGHT="0" />
            <String ID="Word_16727" HPOS="1466" VPOS="2494" WIDTH="22" HEIGHT="37" CONTENT="3" />
            <SP ID="SP_14830" HPOS="1488" VPOS="2492" WIDTH="31" HEIGHT="0" />
            <String ID="Word_16728" HPOS="1519" VPOS="2492" WIDTH="204" HEIGHT="38" CONTENT="Patienten" />
            <SP ID="SP_14831" HPOS="1723" VPOS="2491" WIDTH="42" HEIGHT="0" />
            <String ID="Word_16729" HPOS="1765" VPOS="2494" WIDTH="71" HEIGHT="34" CONTENT="mit" />
          </TextLine>
          <TextLine ID="TextLine_1903" HPOS="226" VPOS="2544" WIDTH="1610" HEIGHT="47">
            <String ID="Word_16730" HPOS="226" VPOS="2552" WIDTH="134" HEIGHT="37" CONTENT="reinen" />
            <SP ID="SP_14832" HPOS="360" VPOS="2550" WIDTH="30" HEIGHT="0" />
            <String ID="Word_16731" HPOS="390" VPOS="2550" WIDTH="184" HEIGHT="38" CONTENT="Wunden" />
            <SP ID="SP_14833" HPOS="574" VPOS="2549" WIDTH="28" HEIGHT="0" />
            <String ID="Word_16732" HPOS="602" VPOS="2562" WIDTH="302" HEIGHT="26" CONTENT="versuchsweise" />
            <SP ID="SP_14834" HPOS="904" VPOS="2548" WIDTH="31" HEIGHT="0" />
            <String ID="Word_16733" HPOS="935" VPOS="2549" WIDTH="271" HEIGHT="38" CONTENT="abwechselnd" />
            <SP ID="SP_14835" HPOS="1206" VPOS="2547" WIDTH="29" HEIGHT="0" />
            <String ID="Word_16734" HPOS="1235" VPOS="2547" WIDTH="191" HEIGHT="39" CONTENT="zwischen" />
            <SP ID="SP_14836" HPOS="1426" VPOS="2547" WIDTH="31" HEIGHT="0" />
            <String ID="Word_16735" HPOS="1457" VPOS="2548" WIDTH="22" HEIGHT="36" CONTENT="3" />
            <SP ID="SP_14837" HPOS="1479" VPOS="2546" WIDTH="31" HEIGHT="0" />
            <String ID="Word_16736" HPOS="1510" VPOS="2559" WIDTH="150" HEIGHT="32" CONTENT="andere," />
            <SP ID="SP_14838" HPOS="1660" VPOS="2544" WIDTH="31" HEIGHT="0" />
            <String ID="Word_16737" HPOS="1691" VPOS="2544" WIDTH="145" HEIGHT="38" CONTENT="welche" />
          </TextLine>
          <TextLine ID="TextLine_1904" HPOS="227" VPOS="2600" WIDTH="1607" HEIGHT="55">
            <String ID="Word_16738" HPOS="227" VPOS="2619" WIDTH="88" HEIGHT="25" CONTENT="vom" />
            <SP ID="SP_14839" HPOS="315" VPOS="2604" WIDTH="31" HEIGHT="0" />
            <String ID="Word_16739" HPOS="346" VPOS="2604" WIDTH="306" HEIGHT="39" CONTENT="Hospitalbrand" />
            <SP ID="SP_14840" HPOS="652" VPOS="2604" WIDTH="31" HEIGHT="0" />
            <String ID="Word_16740" HPOS="683" VPOS="2606" WIDTH="172" HEIGHT="35" CONTENT="äusserst" />
            <SP ID="SP_14841" HPOS="855" VPOS="2603" WIDTH="28" HEIGHT="0" />
            <String ID="Word_16741" HPOS="883" VPOS="2603" WIDTH="128" HEIGHT="50" CONTENT="heftig" />
            <SP ID="SP_14842" HPOS="1011" VPOS="2602" WIDTH="30" HEIGHT="0" />
            <String ID="Word_16742" HPOS="1041" VPOS="2602" WIDTH="181" HEIGHT="51" CONTENT="ergriffen" />
            <SP ID="SP_14843" HPOS="1222" VPOS="2602" WIDTH="31" HEIGHT="0" />
            <String ID="Word_16743" HPOS="1253" VPOS="2615" WIDTH="139" HEIGHT="24" CONTENT="waren," />
            <SP ID="SP_14844" HPOS="1392" VPOS="2601" WIDTH="45" HEIGHT="0" />
            <String ID="Word_16744" HPOS="1437" VPOS="2601" WIDTH="77" HEIGHT="37" CONTENT="und" />
            <SP ID="SP_14845" HPOS="1514" VPOS="2600" WIDTH="40" HEIGHT="0" />
            <String ID="Word_16745" HPOS="1554" VPOS="2600" WIDTH="48" HEIGHT="37" CONTENT="da" />
            <SP ID="SP_14846" HPOS="1602" VPOS="2600" WIDTH="39" HEIGHT="0" />
            <String ID="Word_16746" HPOS="1641" VPOS="2600" WIDTH="39" HEIGHT="36" CONTENT="in" />
            <SP ID="SP_14847" HPOS="1680" VPOS="2600" WIDTH="35" HEIGHT="0" />
            <String ID="Word_16747" HPOS="1715" VPOS="2611" WIDTH="119" HEIGHT="38" CONTENT="ange-" />
          </TextLine>
          <TextLine ID="TextLine_1905" HPOS="227" VPOS="2652" WIDTH="1607" HEIGHT="59">
            <String ID="Word_16748" HPOS="227" VPOS="2673" WIDTH="172" HEIGHT="38" CONTENT="gebener" />
            <SP ID="SP_14848" HPOS="399" VPOS="2658" WIDTH="37" HEIGHT="0" />
            <String ID="Word_16749" HPOS="436" VPOS="2658" WIDTH="134" HEIGHT="39" CONTENT="Weise" />
            <SP ID="SP_14849" HPOS="570" VPOS="2658" WIDTH="44" HEIGHT="0" />
            <String ID="Word_16750" HPOS="614" VPOS="2658" WIDTH="73" HEIGHT="38" CONTENT="alle" />
            <SP ID="SP_14850" HPOS="687" VPOS="2657" WIDTH="49" HEIGHT="0" />
            <String ID="Word_16751" HPOS="736" VPOS="2657" WIDTH="143" HEIGHT="38" CONTENT="directe" />
            <SP ID="SP_14851" HPOS="879" VPOS="2656" WIDTH="40" HEIGHT="0" />
            <String ID="Word_16752" HPOS="919" VPOS="2656" WIDTH="253" HEIGHT="50" CONTENT="Verbindung" />
            <SP ID="SP_14852" HPOS="1172" VPOS="2656" WIDTH="43" HEIGHT="0" />
            <String ID="Word_16753" HPOS="1215" VPOS="2668" WIDTH="174" HEIGHT="26" CONTENT="sorgsam" />
            <SP ID="SP_14853" HPOS="1389" VPOS="2653" WIDTH="42" HEIGHT="0" />
            <String ID="Word_16754" HPOS="1431" VPOS="2654" WIDTH="221" HEIGHT="38" CONTENT="vermieden" />
            <SP ID="SP_14854" HPOS="1652" VPOS="2652" WIDTH="39" HEIGHT="0" />
            <String ID="Word_16755" HPOS="1691" VPOS="2664" WIDTH="143" HEIGHT="33" CONTENT="wurde," />
          </TextLine>
          <TextLine ID="TextLine_1906" HPOS="230" VPOS="2705" WIDTH="1603" HEIGHT="47">
            <String ID="Word_16756" HPOS="230" VPOS="2727" WIDTH="130" HEIGHT="25" CONTENT="wurde" />
            <SP ID="SP_14855" HPOS="360" VPOS="2713" WIDTH="29" HEIGHT="0" />
            <String ID="Word_16757" HPOS="389" VPOS="2713" WIDTH="110" HEIGHT="38" CONTENT="nicht" />
            <SP ID="SP_14856" HPOS="499" VPOS="2713" WIDTH="30" HEIGHT="0" />
            <String ID="Word_16758" HPOS="529" VPOS="2713" WIDTH="106" HEIGHT="38" CONTENT="einer" />
            <SP ID="SP_14857" HPOS="635" VPOS="2712" WIDTH="30" HEIGHT="0" />
            <String ID="Word_16759" HPOS="665" VPOS="2712" WIDTH="67" HEIGHT="37" CONTENT="der" />
            <SP ID="SP_14858" HPOS="732" VPOS="2711" WIDTH="31" HEIGHT="0" />
            <String ID="Word_16760" HPOS="763" VPOS="2711" WIDTH="204" HEIGHT="38" CONTENT="Patienten" />
            <SP ID="SP_14859" HPOS="967" VPOS="2711" WIDTH="29" HEIGHT="0" />
            <String ID="Word_16761" HPOS="996" VPOS="2711" WIDTH="71" HEIGHT="37" CONTENT="mit" />
            <SP ID="SP_14860" HPOS="1067" VPOS="2711" WIDTH="35" HEIGHT="0" />
            <String ID="Word_16762" HPOS="1102" VPOS="2711" WIDTH="133" HEIGHT="37" CONTENT="reinen" />
            <SP ID="SP_14861" HPOS="1235" VPOS="2709" WIDTH="29" HEIGHT="0" />
            <String ID="Word_16763" HPOS="1264" VPOS="2709" WIDTH="181" HEIGHT="38" CONTENT="Wunden" />
            <SP ID="SP_14862" HPOS="1445" VPOS="2709" WIDTH="34" HEIGHT="0" />
            <String ID="Word_16764" HPOS="1479" VPOS="2721" WIDTH="74" HEIGHT="25" CONTENT="von" />
            <SP ID="SP_14863" HPOS="1553" VPOS="2708" WIDTH="30" HEIGHT="0" />
            <String ID="Word_16765" HPOS="1583" VPOS="2708" WIDTH="67" HEIGHT="37" CONTENT="der" />
            <SP ID="SP_14864" HPOS="1650" VPOS="2705" WIDTH="28" HEIGHT="0" />
            <String ID="Word_16766" HPOS="1678" VPOS="2705" WIDTH="155" HEIGHT="38" CONTENT="Krank-" />
          </TextLine>
          <TextLine ID="TextLine_1907" HPOS="226" VPOS="2758" WIDTH="1609" HEIGHT="62">
            <String ID="Word_16767" HPOS="226" VPOS="2769" WIDTH="83" HEIGHT="37" CONTENT="heit" />
            <SP ID="SP_14865" HPOS="309" VPOS="2767" WIDTH="39" HEIGHT="0" />
            <String ID="Word_16768" HPOS="348" VPOS="2767" WIDTH="196" HEIGHT="53" CONTENT="ergriffen." />
            <SP ID="SP_14866" HPOS="544" VPOS="2765" WIDTH="64" HEIGHT="0" />
            <String ID="Word_16769" HPOS="608" VPOS="2765" WIDTH="163" HEIGHT="50" CONTENT="(Rust's" />
            <SP ID="SP_14867" HPOS="771" VPOS="2765" WIDTH="38" HEIGHT="0" />
            <String ID="Word_16770" HPOS="809" VPOS="2765" WIDTH="181" HEIGHT="50" CONTENT="Magazin" />
            <SP ID="SP_14868" HPOS="990" VPOS="2765" WIDTH="38" HEIGHT="0" />
            <String ID="Word_16771" HPOS="1028" VPOS="2765" WIDTH="71" HEIGHT="38" CONTENT="Bd." />
            <SP ID="SP_14869" HPOS="1099" VPOS="2765" WIDTH="33" HEIGHT="0" />
            <String ID="Word_16772" HPOS="1132" VPOS="2765" WIDTH="62" HEIGHT="43" CONTENT="46," />
            <SP ID="SP_14870" HPOS="1194" VPOS="2761" WIDTH="36" HEIGHT="0" />
            <String ID="Word_16773" HPOS="1230" VPOS="2761" WIDTH="130" HEIGHT="40" CONTENT="1833.)" />
            <SP ID="SP_14871" HPOS="1360" VPOS="2761" WIDTH="59" HEIGHT="0" />
            <String ID="Word_16774" HPOS="1419" VPOS="2761" WIDTH="126" HEIGHT="39" CONTENT="Schon" />
            <SP ID="SP_14872" HPOS="1545" VPOS="2761" WIDTH="31" HEIGHT="0" />
            <String ID="Word_16775" HPOS="1576" VPOS="2762" WIDTH="135" HEIGHT="36" CONTENT="daraus" />
            <SP ID="SP_14873" HPOS="1711" VPOS="2758" WIDTH="30" HEIGHT="0" />
            <String ID="Word_16776" HPOS="1741" VPOS="2761" WIDTH="94" HEIGHT="48" CONTENT="geht" />
          </TextLine>
          <TextLine ID="TextLine_1908" HPOS="227" VPOS="2813" WIDTH="1607" HEIGHT="57">
            <String ID="Word_16777" HPOS="227" VPOS="2823" WIDTH="150" HEIGHT="38" CONTENT="hervor," />
            <SP ID="SP_14874" HPOS="377" VPOS="2823" WIDTH="34" HEIGHT="0" />
            <String ID="Word_16778" HPOS="411" VPOS="2823" WIDTH="88" HEIGHT="38" CONTENT="dass" />
            <SP ID="SP_14875" HPOS="499" VPOS="2822" WIDTH="30" HEIGHT="0" />
            <String ID="Word_16779" HPOS="529" VPOS="2822" WIDTH="60" HEIGHT="38" CONTENT="die" />
            <SP ID="SP_14876" HPOS="589" VPOS="2819" WIDTH="29" HEIGHT="0" />
            <String ID="Word_16780" HPOS="618" VPOS="2819" WIDTH="408" HEIGHT="39" CONTENT="Infectionsfähigkeit" />
            <SP ID="SP_14877" HPOS="1026" VPOS="2819" WIDTH="30" HEIGHT="0" />
            <String ID="Word_16781" HPOS="1056" VPOS="2819" WIDTH="64" HEIGHT="37" CONTENT="des" />
            <SP ID="SP_14878" HPOS="1120" VPOS="2816" WIDTH="30" HEIGHT="0" />
            <String ID="Word_16782" HPOS="1150" VPOS="2816" WIDTH="346" HEIGHT="40" CONTENT="Hospitalbrandes" />
            <SP ID="SP_14879" HPOS="1496" VPOS="2815" WIDTH="30" HEIGHT="0" />
            <String ID="Word_16783" HPOS="1526" VPOS="2815" WIDTH="110" HEIGHT="37" CONTENT="keine" />
            <SP ID="SP_14880" HPOS="1636" VPOS="2813" WIDTH="30" HEIGHT="0" />
            <String ID="Word_16784" HPOS="1666" VPOS="2813" WIDTH="168" HEIGHT="38" CONTENT="unüber-" />
          </TextLine>
          <TextLine ID="TextLine_1909" HPOS="226" VPOS="2866" WIDTH="1610" HEIGHT="60">
            <String ID="Word_16785" HPOS="226" VPOS="2877" WIDTH="225" HEIGHT="46" CONTENT="windliche," />
            <SP ID="SP_14881" HPOS="451" VPOS="2877" WIDTH="42" HEIGHT="0" />
            <String ID="Word_16786" HPOS="493" VPOS="2877" WIDTH="43" HEIGHT="49" CONTENT="ja" />
            <SP ID="SP_14882" HPOS="536" VPOS="2875" WIDTH="38" HEIGHT="0" />
            <String ID="Word_16787" HPOS="574" VPOS="2889" WIDTH="109" HEIGHT="25" CONTENT="nicht" />
            <SP ID="SP_14883" HPOS="683" VPOS="2873" WIDTH="43" HEIGHT="0" />
            <String ID="Word_16788" HPOS="726" VPOS="2873" WIDTH="142" HEIGHT="38" CONTENT="einmal" />
            <SP ID="SP_14884" HPOS="868" VPOS="2873" WIDTH="39" HEIGHT="0" />
            <String ID="Word_16789" HPOS="907" VPOS="2873" WIDTH="83" HEIGHT="38" CONTENT="eine" />
            <SP ID="SP_14885" HPOS="990" VPOS="2872" WIDTH="34" HEIGHT="0" />
            <String ID="Word_16790" HPOS="1024" VPOS="2872" WIDTH="265" HEIGHT="51" CONTENT="hochgradige" />
            <SP ID="SP_14886" HPOS="1289" VPOS="2868" WIDTH="36" HEIGHT="0" />
            <String ID="Word_16791" HPOS="1325" VPOS="2868" WIDTH="83" HEIGHT="39" CONTENT="sein" />
            <SP ID="SP_14887" HPOS="1408" VPOS="2868" WIDTH="27" HEIGHT="0" />
            <String ID="Word_16792" HPOS="1435" VPOS="2869" WIDTH="115" HEIGHT="38" CONTENT="kann." />
            <SP ID="SP_14888" HPOS="1550" VPOS="2867" WIDTH="60" HEIGHT="0" />
            <String ID="Word_16793" HPOS="1610" VPOS="2867" WIDTH="125" HEIGHT="38" CONTENT="Wenn" />
            <SP ID="SP_14889" HPOS="1735" VPOS="2866" WIDTH="31" HEIGHT="0" />
            <String ID="Word_16794" HPOS="1766" VPOS="2879" WIDTH="70" HEIGHT="24" CONTENT="wir" />
          </TextLine>
          <TextLine ID="TextLine_1910" HPOS="228" VPOS="2919" WIDTH="1606" HEIGHT="62">
            <String ID="Word_16795" HPOS="228" VPOS="2930" WIDTH="41" HEIGHT="39" CONTENT="in" />
            <SP ID="SP_14890" HPOS="269" VPOS="2930" WIDTH="30" HEIGHT="0" />
            <String ID="Word_16796" HPOS="299" VPOS="2934" WIDTH="176" HEIGHT="47" CONTENT="späterer" />
            <SP ID="SP_14891" HPOS="475" VPOS="2930" WIDTH="20" HEIGHT="0" />
            <String ID="Word_16797" HPOS="495" VPOS="2930" WIDTH="87" HEIGHT="39" CONTENT="Zeit" />
            <SP ID="SP_14892" HPOS="582" VPOS="2928" WIDTH="29" HEIGHT="0" />
            <String ID="Word_16798" HPOS="611" VPOS="2928" WIDTH="98" HEIGHT="40" CONTENT="doch" />
            <SP ID="SP_14893" HPOS="709" VPOS="2927" WIDTH="29" HEIGHT="0" />
            <String ID="Word_16799" HPOS="738" VPOS="2940" WIDTH="143" HEIGHT="25" CONTENT="wieder" />
            <SP ID="SP_14894" HPOS="881" VPOS="2926" WIDTH="21" HEIGHT="0" />
            <String ID="Word_16800" HPOS="902" VPOS="2926" WIDTH="60" HEIGHT="38" CONTENT="die" />
            <SP ID="SP_14895" HPOS="962" VPOS="2926" WIDTH="20" HEIGHT="0" />
            <String ID="Word_16801" HPOS="982" VPOS="2926" WIDTH="220" HEIGHT="38" CONTENT="Krankheit" />
            <SP ID="SP_14896" HPOS="1202" VPOS="2926" WIDTH="20" HEIGHT="0" />
            <String ID="Word_16802" HPOS="1222" VPOS="2939" WIDTH="46" HEIGHT="24" CONTENT="zu" />
            <SP ID="SP_14897" HPOS="1268" VPOS="2923" WIDTH="21" HEIGHT="0" />
            <String ID="Word_16803" HPOS="1289" VPOS="2936" WIDTH="197" HEIGHT="26" CONTENT="schweren" />
            <SP ID="SP_14898" HPOS="1486" VPOS="2921" WIDTH="21" HEIGHT="0" />
            <String ID="Word_16804" HPOS="1507" VPOS="2921" WIDTH="225" HEIGHT="51" CONTENT="Epidemien" />
            <SP ID="SP_14899" HPOS="1732" VPOS="2919" WIDTH="21" HEIGHT="0" />
            <String ID="Word_16805" HPOS="1753" VPOS="2919" WIDTH="81" HEIGHT="38" CONTENT="sich" />
          </TextLine>
          <TextLine ID="TextLine_1911" HPOS="228" VPOS="2975" WIDTH="1604" HEIGHT="54">
            <String ID="Word_16806" HPOS="228" VPOS="2985" WIDTH="223" HEIGHT="39" CONTENT="verbreiten" />
            <SP ID="SP_14900" HPOS="451" VPOS="2984" WIDTH="37" HEIGHT="0" />
            <String ID="Word_16807" HPOS="488" VPOS="2984" WIDTH="135" HEIGHT="39" CONTENT="sehen," />
            <SP ID="SP_14901" HPOS="623" VPOS="2982" WIDTH="41" HEIGHT="0" />
            <String ID="Word_16808" HPOS="664" VPOS="2982" WIDTH="70" HEIGHT="38" CONTENT="wie" />
            <SP ID="SP_14902" HPOS="734" VPOS="2982" WIDTH="39" HEIGHT="0" />
            <String ID="Word_16809" HPOS="773" VPOS="2995" WIDTH="30" HEIGHT="23" CONTENT="z." />
            <SP ID="SP_14903" HPOS="803" VPOS="2980" WIDTH="32" HEIGHT="0" />
            <String ID="Word_16810" HPOS="835" VPOS="2980" WIDTH="44" HEIGHT="38" CONTENT="B." />
            <SP ID="SP_14904" HPOS="879" VPOS="2980" WIDTH="32" HEIGHT="0" />
            <String ID="Word_16811" HPOS="911" VPOS="2980" WIDTH="39" HEIGHT="38" CONTENT="in" />
            <SP ID="SP_14905" HPOS="950" VPOS="2980" WIDTH="30" HEIGHT="0" />
            <String ID="Word_16812" HPOS="980" VPOS="2995" WIDTH="34" HEIGHT="23" CONTENT="v." />
            <SP ID="SP_14906" HPOS="1014" VPOS="2980" WIDTH="35" HEIGHT="0" />
            <String ID="Word_16813" HPOS="1049" VPOS="2980" WIDTH="176" HEIGHT="38" CONTENT="Pitha's" />
            <SP ID="SP_14907" HPOS="1225" VPOS="2977" WIDTH="31" HEIGHT="0" />
            <String ID="Word_16814" HPOS="1256" VPOS="2977" WIDTH="134" HEIGHT="39" CONTENT="Klinik" />
            <SP ID="SP_14908" HPOS="1390" VPOS="2977" WIDTH="30" HEIGHT="0" />
            <String ID="Word_16815" HPOS="1420" VPOS="2990" WIDTH="92" HEIGHT="25" CONTENT="oder" />
            <SP ID="SP_14909" HPOS="1512" VPOS="2976" WIDTH="28" HEIGHT="0" />
            <String ID="Word_16816" HPOS="1540" VPOS="2976" WIDTH="39" HEIGHT="38" CONTENT="in" />
            <SP ID="SP_14910" HPOS="1579" VPOS="2975" WIDTH="30" HEIGHT="0" />
            <String ID="Word_16817" HPOS="1609" VPOS="2975" WIDTH="73" HEIGHT="38" CONTENT="den" />
            <SP ID="SP_14911" HPOS="1682" VPOS="2975" WIDTH="29" HEIGHT="0" />
            <String ID="Word_16818" HPOS="1711" VPOS="2975" WIDTH="121" HEIGHT="37" CONTENT="Laza-" />
          </TextLine>
        </TextBlock>
      </PrintSpace>
    </Page>
  </Layout>
</alto>
