2107 3450
271 313 87 32 THE
391 311 325 34 DEVELOPMENT
747 310 55 32 OF
834 309 169 33 SPEECH
1036 309 47 31 IN
1118 309 87 32 THE
1239 309 166 33 HUMAN
1439 309 125 32 RACE.
1662 297 84 43 159

150 434 138 43 Other
309 433 163 44 sounds
494 447 70 29 are
586 431 203 44 imitated
813 432 58 42 by
894 431 74 43 the
991 430 141 44 words
1155 434 22 18 "
1193 430 150 56 bump,
1376 429 172 57 thump,
1580 444 170 42 plump,

88 506 187 51 thwack,
298 520 166 36 whack,
486 505 164 50 smack,
682 504 140 50 crack,
856 503 137 53 clack,
1028 502 136 57 clap,"
1197 502 88 43 and
1320 517 25 28 a
1379 502 103 44 host
1514 502 47 43 of
1589 501 161 53 others,

86 578 131 56 given
240 583 44 38 at
308 592 106 43 page
438 578 55 42 28
517 577 47 43 of
581 577 75 42 Mr
678 575 306 44 Wedgwood's
1008 575 194 44 treatise.

150 650 306 43 Interjections
492 648 88 43 and
612 648 249 43 imitations
899 648 45 42 of
977 647 177 43 natural
1187 646 165 43 sounds
1375 646 375 57 (onomatopoeia?)

87 736 70 28 are
182 722 101 42 thus
305 721 227 43 evidently
558 721 73 42 the
654 734 174 29 sources
852 720 45 42 of
918 734 24 29 a
965 725 123 51 great
1111 733 134 43 many
1270 724 118 38 roots
1412 718 87 44 and
1524 719 141 43 words
1703 719 47 43 in

86 807 131 42 every
259 793 224 56 language.
547 791 74 45 Mr
658 792 155 42 Farrar
850 791 127 43 holds
1011 791 98 43 that
1146 796 46 38 at
1230 791 76 44 the
1338 795 180 52 present
1551 791 109 43 time
1693 806 58 28 no

88 864 209 56 radically
340 879 96 28 new
478 865 121 42 word
642 878 101 29 ever
784 863 79 44 has
901 879 25 28 a
969 864 165 43 chance
1176 864 46 43 of
1264 864 133 55 being
1438 864 313 57 permanently

87 936 187 56 adopted
306 937 44 42 in
387 951 25 29 a
446 936 227 57 language,
705 935 150 44 unless
887 936 37 43 it
958 937 52 43 be
1033 937 45 43 of
1110 936 372 57 onomatopoietic
1514 941 236 39 character.

87 1007 118 44 Once
224 1008 180 43 formed,
421 1008 142 43 words
586 1007 47 44 of
651 1008 222 44 imitative
890 1009 141 43 origin
1055 1023 72 29 are
1150 1013 77 39 apt
1250 1013 44 39 to
1319 1009 51 43 be
1388 1008 134 43 much
1541 1022 211 30 changed,

87 1079 58 57 by
167 1080 207 56 phonetic
412 1081 147 58 decay,
591 1081 47 42 in
674 1081 75 43 the
788 1096 152 28 course
978 1082 45 42 of
1056 1082 115 43 their
1210 1081 333 57 after-history;
1581 1081 89 44 and
1703 1081 48 44 in

86 1166 119 29 some
238 1168 119 29 cases
393 1154 75 43 the
505 1154 221 43 imitative
759 1154 141 43 origin
932 1154 48 43 of
1009 1154 115 43 their
1157 1154 194 56 decayed
1385 1154 294 44 descendants
1712 1155 38 43 is

86 1225 297 46 discoverable
406 1228 104 56 only
533 1228 58 42 by
614 1228 220 42 reference
858 1232 44 38 to
926 1227 114 43 their
1062 1232 179 38 ancient
1265 1227 137 43 forms
1433 1226 49 44 in
1514 1227 77 43 the
1628 1241 120 29 same

85 1295 228 53 language,
336 1313 46 27 or
405 1304 43 37 to
471 1299 116 42 their
610 1313 193 29 existing
825 1298 134 43 forms
982 1298 47 42 in
1053 1298 124 43 other
1199 1298 239 50 languages
1461 1298 47 43 of
1533 1298 74 43 the
1630 1312 120 28 same

85 1383 148 41 group.
288 1370 46 43 It
364 1370 38 43 is
429 1370 232 56 suggested
688 1370 98 43 that
818 1385 110 28 even
956 1371 47 41 in
1033 1371 143 42 words
1210 1370 146 43 where
1379 1384 56 28 no
1468 1370 211 43 evidence
1707 1371 45 42 of

85 1441 220 43 imitative
330 1442 137 42 origin
492 1456 81 28 can
596 1456 98 28 now
718 1442 51 43 be
792 1441 269 53 discovered,
1087 1441 127 44 there
1236 1456 102 28 may
1363 1441 53 43 be
1440 1455 120 29 roots
1583 1442 100 42 that
1705 1449 46 36 at

85 1526 120 29 some
229 1513 149 42 far-off
405 1513 106 42 time
533 1512 86 42 had
643 1527 24 27 a
690 1513 113 42 form
836 1513 252 56 suggestive
1121 1513 44 41 of
1198 1512 97 43 that
1323 1512 155 56 origin,
1504 1512 144 43 which
1671 1513 79 43 has

86 1584 110 42 been
221 1584 161 43 effaced
406 1584 104 56 only
532 1585 47 41 in
603 1584 74 43 the
696 1599 151 28 course
863 1585 47 42 of
925 1599 110 42 ages.
1091 1585 45 42 It
1152 1585 38 43 is
1211 1589 76 38 not
1306 1584 275 44 maintained
1596 1585 60 57 by
1675 1585 75 43 the

85 1655 228 44 Imitative
350 1656 159 43 School
557 1656 97 43 that
698 1671 119 28 more
862 1657 109 42 than
1005 1671 25 28 a
1066 1656 304 44 considerable
1412 1659 258 54 proportion
1707 1659 45 42 of

84 1728 192 56 existing
295 1733 118 38 roots
446 1742 80 29 can
548 1732 46 39 at
616 1734 180 50 present
828 1729 53 43 be
913 1729 178 56 proved,
1116 1744 119 41 upon
1268 1729 223 44 sufficient
1525 1730 226 54 evidence,

83 1805 45 39 to
150 1801 54 43 be
226 1802 45 42 of
291 1801 221 44 imitative
535 1802 153 57 origin,
710 1803 81 42 but
814 1803 37 42 it
872 1802 37 43 is
941 1802 201 44 believed
1174 1803 97 43 that
1304 1804 173 43 further
1509 1804 241 58 investiga-

83 1873 94 41 tion
200 1872 91 43 will
313 1873 296 43 demonstrate
634 1874 88 42 this
746 1874 142 56 origin
911 1874 47 42 in
981 1889 56 28 an
1060 1875 248 43 increasing
1326 1875 188 43 number
1538 1875 45 43 of
1605 1890 149 40 cases;

84 1942 99 52 and,
207 1956 45 28 as
275 1943 75 43 the
372 1948 116 38 roots
512 1944 47 42 of
577 1944 106 43 each
706 1944 214 58 language
943 1960 86 28 are,
1052 1946 48 42 in
1133 1946 73 52 all,
1228 1947 106 42 only
1357 1961 25 28 a
1414 1947 85 43 few
1523 1947 228 45 hundreds

82 2016 45 41 in
155 2017 196 51 number,
370 2017 34 43 it
427 2018 37 42 is
487 2017 189 57 thought
699 2023 44 38 to
762 2019 52 43 be
836 2019 211 56 probable
1061 2021 175 56 enough
1256 2021 97 43 that
1371 2035 112 29 even
1500 2036 24 27 a
1542 2022 209 42 majority

83 2089 48 42 of
166 2089 120 43 them
325 2103 101 42 may
449 2089 111 44 have
597 2090 245 55 originated
879 2092 48 41 in
961 2092 89 42 this
1084 2107 107 41 way.
1276 2093 76 43 Mr
1394 2093 145 57 Tylor,
1577 2093 175 53 indeed,

80 2160 303 43 recommends
406 2162 187 42 caution.
647 2162 71 43 He
741 2163 155 43 thinks
919 2163 97 43 that
1038 2164 75 43 the
1136 2164 210 44 evidence
1365 2165 103 44 does
1487 2170 78 39 not
1583 2166 165 57 justify

80 2235 22 19 "
126 2231 76 43 the
225 2232 165 57 setting
411 2247 60 41 up
506 2233 47 42 of
584 2233 117 43 what
733 2235 36 42 is
803 2235 141 43 called
980 2235 74 43 the
1087 2236 220 44 imitative
1340 2251 48 29 or
1419 2237 329 57 interjectional

80 2304 157 56 theory
260 2318 46 28 as
328 2318 25 28 a
375 2304 215 57 complete
613 2306 192 43 solution
828 2308 48 42 of
896 2307 73 44 the
992 2308 200 56 problem
1223 2309 47 42 of
1299 2310 188 56 original
1518 2310 228 44 language.

82 2376 133 43 Valid
246 2390 46 29 as
326 2377 88 43 this
449 2378 152 57 theory
634 2393 156 43 proves
825 2380 121 43 itself
975 2381 159 43 within
1173 2382 151 54 limits,
1349 2383 36 43 it
1409 2383 147 43 would
1595 2384 51 43 be
1679 2385 67 41 in-

79 2448 201 43 cautious
303 2452 44 38 to
369 2458 151 49 accept
542 2466 25 27 a
588 2451 259 57 hypothesis
882 2453 145 43 which
1059 2469 81 28 can
1173 2455 192 56 perhaps
1398 2461 189 39 account
1620 2457 69 43 for
1720 2472 24 28 a

79 2519 233 44 twentieth
347 2522 45 41 of
425 2522 73 43 the
534 2524 132 43 crude
701 2525 134 42 forms
868 2526 48 42 of
943 2540 88 43 any
1054 2526 230 59 language,
1316 2543 47 29 as
1396 2544 25 28 a
1454 2530 168 43 certain
1657 2530 88 43 and

79 2592 199 44 absolute
312 2594 284 57 explanation
631 2597 48 42 of
718 2597 74 43 the
835 2598 494 47 nineteen-twentieths
1373 2602 146 43 which
1563 2604 182 43 remain.

77 2665 43 42 A
142 2664 87 57 key
253 2672 117 37 must
390 2666 162 45 unlock
575 2683 119 29 more
717 2669 127 44 doors
869 2670 106 43 than
1001 2671 90 44 this
1114 2677 45 38 to
1177 2673 54 44 be
1254 2674 137 44 taken
1414 2689 47 30 as
1483 2675 77 44 the
1584 2682 164 38 master

79 2737 154 57 key."1
315 2738 76 43 Mr
431 2740 282 57 Wedgwood,
760 2742 217 45 however,
1020 2745 46 42 in
1120 2746 183 58 making
1356 2748 90 43 this
1500 2749 247 57 quotation,

78 2810 195 42 remarks
312 2810 96 43 that
439 2811 88 45 this
564 2813 220 58 objection
819 2815 104 44 does
959 2822 79 38 not
1071 2819 178 56 exactly
1282 2826 118 37 meet
1439 2821 75 44 the
1552 2828 195 51 position

78 2881 103 43 held
203 2881 59 57 by
283 2881 192 57 prudent
497 2892 255 50 supporters
775 2888 47 42 of
842 2888 74 44 the
939 2889 157 44 theory
1118 2891 47 42 in
1188 2892 218 56 question.

138 2955 66 42 Dr
237 2954 49 43 G.
320 2955 40 42 J.
395 2956 240 46 Romanes2
668 2959 79 44 has
780 2961 128 44 made
941 2976 55 28 an
1030 2962 268 53 interesting
1330 2967 256 48 suggestion
1621 2982 47 28 as
1701 2973 46 37 to

76 3027 185 43 another
282 3029 188 55 possible
494 3044 151 31 source
668 3032 47 43 of
734 3033 224 56 primitive
978 3035 142 44 words
1142 3036 88 44 and
1254 3042 130 39 roots.
1450 3039 72 43 He
1545 3040 199 43 reminds

563 3130 10 23 1
594 3131 195 38 Primitive
809 3132 156 38 Culture,
986 3134 24 36 i.
1032 3138 82 34 208.

567 3190 13 23 'l
607 3191 144 39 Mental
765 3193 197 38 Evolution
981 3194 41 49 of
1036 3195 106 47 Man,
1162 3208 35 38 p.
1219 3198 82 36 291.
