1895 3217
1476 337 58 47 C)5

625 348 91 30 THE
739 348 150 30 BLACK
915 347 169 31 ORANG.

177 494 179 45 species^
383 492 115 30 were
522 477 230 44 exhibited
776 477 202 44 together
996 476 46 44 in
1062 476 77 44 the
1160 476 230 60 Egyptian
1409 478 126 55 Hall,

177 555 234 62 Picadilly,
437 555 46 45 in
510 559 137 49 1831,
673 554 91 45 and
790 553 198 45 afforded
1018 568 27 30 a
1074 559 117 39 treat
1221 560 45 38 to
1295 554 79 45 the
1397 555 142 47 lovers

175 632 50 46 of
252 633 194 61 zoology.
510 633 130 60 They
664 647 116 30 were
811 632 109 45 both
951 647 109 45 very
1084 647 180 45 young;
1297 632 79 45 the
1409 632 130 47 black

174 725 135 46 orang
337 710 90 45 had
457 711 112 44 been
600 709 213 61 procured
843 710 62 60 by
929 725 27 29 a
984 709 180 60 trading
1194 708 142 45 vessel
1370 724 56 30 on
1459 710 79 45 the

173 786 118 45 river
327 786 209 55 Gambia,
575 786 90 45 and
699 801 93 30 was
826 786 137 44 much
997 793 79 37 the
1109 791 117 40 most
1261 786 200 61 pleasing
1495 787 51 45 of

172 869 77 38 the
273 869 105 38 two.
421 864 73 44 He
518 878 93 30 was
635 862 235 46 compared
893 869 45 39 to
963 878 26 29 a
1005 863 131 45 black
1159 862 136 54 child,
1321 863 83 44 but
1421 870 114 38 with

171 955 27 28 a
221 939 116 45 head
361 939 49 46 of
417 955 254 46 overgrown
694 939 289 61 proportions.
1041 939 75 45 He
1134 954 93 29 was
1250 954 111 46 very
1380 939 153 54 docile,

171 1017 88 44 and
281 1016 227 61 generally
522 1015 176 61 playful
721 1017 89 45 and
834 1016 179 61 gentle;
1038 1016 90 44 like
1153 1015 60 45 all
1236 1015 69 46 his
1329 1015 129 55 tribe,
1479 1017 56 45 he

171 1107 92 30 was
287 1092 105 46 fond
415 1092 50 46 of
480 1093 118 44 wine
632 1094 90 44 and
755 1108 157 38 water,
938 1108 47 29 or
1016 1092 174 45 diluted
1221 1092 177 60 spirits;
1446 1094 90 44 and

168 1175 111 54 they
312 1185 116 29 were
466 1170 112 44 used
618 1185 47 29 as
702 1185 59 29 an
796 1169 224 45 incentive
1043 1167 65 47 for
1129 1169 97 44 him
1264 1174 46 40 to
1345 1169 189 60 perform

168 1245 70 45 his
272 1252 101 53 part
404 1247 145 44 before
581 1261 234 30 strangers.
884 1246 193 45 Neither
1110 1244 51 46 of
1184 1252 127 38 these
1343 1246 191 44 animals

171 1321 209 46 survived
412 1323 117 60 long,
565 1323 81 44 but
679 1321 76 46 fell
783 1321 178 46 victims
996 1328 45 39 to
1076 1322 110 53 cold,
1213 1321 148 45 which
1391 1336 142 31 seems

167 1395 253 63 invariably
449 1404 45 39 to
535 1398 131 45 affect
699 1405 79 38 the
818 1414 170 45 orangs,
1021 1398 227 61 generally
1279 1400 145 43 before
1453 1398 79 46 the

167 1489 158 45 expiry
349 1473 50 46 of
413 1475 77 44 the
513 1474 96 46 first
635 1482 174 38 winter.

232 1550 94 44 Our
352 1551 122 59 plate
502 1551 37 45 is
568 1552 138 44 taken
736 1550 113 46 from
881 1567 26 29 a
937 1551 165 45 stuffed
1130 1550 222 61 specimen
1381 1551 47 45 in
1452 1553 78 45 the

166 1626 262 61 Edinburgh
447 1628 230 53 Museum,
699 1628 162 54 which,
881 1628 172 45 though
1070 1633 78 38 not
1172 1626 47 45 in
1243 1642 27 29 a
1292 1642 110 46 very
1419 1629 111 60 good

164 1717 46 30 or
241 1709 140 39 entire
412 1709 117 41 state
561 1704 50 46 of
635 1712 316 54 preservation,
984 1719 149 46 agrees
1163 1704 228 61 generally
1415 1712 114 38 with

162 1785 77 39 the
263 1781 138 46 above
425 1781 300 62 descriptions.

228 1936 97 44 The
350 1936 160 44 second
532 1935 113 45 form
669 1951 162 45 among
853 1943 78 38 the
955 1953 156 30 orangs
1141 1938 38 46 is
1210 1938 227 46 described
1465 1939 61 59 by

165 2010 206 61 Geoffrey
414 2012 143 43 under
594 2017 79 39 the
707 2011 102 45 title
846 2011 49 46 of
932 2014 224 45 Pithecus.
1244 2015 98 45 The
1377 2030 151 45 young

163 2101 118 29 state
318 2085 51 46 of
393 2087 91 44 this
516 2086 169 46 animal
718 2103 109 45 may
850 2090 54 44 be
933 2089 96 46 said
1050 2097 46 38 to
1127 2092 55 44 be
1206 2091 105 45 well
1343 2092 181 52 known,

157 2163 91 45 and
286 2171 48 38 at
368 2179 58 30 an
461 2180 80 45 age
575 2163 51 47 of
650 2163 112 48 from
797 2172 124 39 three
955 2174 46 38 to
1031 2167 87 46 five
1157 2184 145 45 years,
1333 2184 109 45 may
1474 2169 52 43 be

153 2239 329 47 characterised
504 2243 62 60 by
593 2257 27 30 a
646 2240 129 48 facial
805 2259 129 45 angle
965 2243 50 46 of
1035 2242 105 57 65°;
1176 2247 62 59 by
1262 2251 77 39 the
1370 2245 156 45 canine

151 2317 135 45 teeth
316 2319 240 61 exceeding
583 2325 78 39 the
693 2320 146 45 others
872 2320 46 45 in
945 2321 201 61 length,*
1172 2323 90 44 and
1284 2328 79 39 the
1385 2322 142 45 molar

159 2395 129 45 teeth
332 2396 131 60 being
505 2411 159 46 nearly
709 2412 159 45 square
913 2413 56 30 on
1012 2405 79 39 the
1136 2415 140 44 upper
1321 2414 202 37 surface;

150 2471 88 45 the
274 2471 117 45 head
428 2473 214 53 rounded,
684 2488 57 30 no
776 2474 138 45 cheek
944 2490 193 45 pouches
1173 2491 47 29 or
1250 2473 272 55 callosities;

218 2575 19 18 *
270 2574 44 36 In
340 2581 64 30 the
429 2576 115 45 adult,
564 2582 63 31 the
652 2578 126 35 canine
799 2578 99 35 teeth
925 2578 74 36 wll
1027 2580 53 34 far
1104 2580 136 34 exceed
1265 2585 61 29 the
1347 2577 119 37 others
1483 2578 39 36 in

151 2627 147 46 length,
322 2639 36 24 as
377 2628 109 36 much
505 2641 126 36 nearly
649 2642 37 24 as
707 2642 130 34 among
858 2637 59 29 the
934 2643 121 35 strong
1073 2642 194 25 carnivora.
