2113 3404
388 214 85 41 480

645 227 86 31 THE
764 229 275 34 PHYSIOLOGY
1072 234 52 30 OF
1156 234 86 32 THR
1275 236 477 40 LARYNX.—APPENDIX.

385 342 38 32 to
449 338 98 37 their
572 340 112 49 being
710 342 161 49 brought
889 345 80 37 into
986 347 122 37 actual
1126 355 144 32 contact
1287 353 228 46 posteriorly,
1534 354 63 38 the
1613 356 127 48 length
1759 359 39 35 of
1813 360 61 36 the
1892 362 112 37 chink

383 394 163 49 through
564 396 122 38 which
705 398 63 37 the
785 400 55 36 air
857 403 128 46 passed
1004 415 72 25 was
1094 405 236 38 diminished.

431 452 30 36 7.
492 453 154 48 Exactly
664 454 63 37 the
754 468 99 26 same
880 459 121 36 effects
1018 472 94 24 were
1138 463 181 46 produced
1350 477 101 35 upon
1476 466 64 37 the
1558 468 100 36 voice
1685 469 49 48 by
1753 473 163 45 pressing
1941 474 63 37 the

381 509 213 46 arytenoids
614 512 166 44 together
797 514 166 37 between
982 516 63 36 the
1064 517 113 49 finger
1195 519 69 37 and
1288 521 142 38 thumb.

429 568 32 32 8.
488 565 142 48 Simple
648 567 129 37 lateral
796 572 245 46 compression
1060 574 39 34 of
1116 574 63 36 the
1197 575 148 48 thyroid
1364 578 171 48 cartilage
1553 593 72 24 was
1642 582 76 36 also
1735 584 215 46 productive
1967 587 40 35 of

381 621 63 36 the
462 634 99 24 same
579 624 133 46 effects,
732 625 69 36 but
817 626 64 36 the
899 632 103 32 notes
1016 629 39 34 in
1070 629 74 37 this
1162 643 79 24 case
1259 644 93 25 were
1370 635 71 35 soft
1458 636 72 35 and
1549 638 114 46 weak,
1681 639 140 36 instead
1841 641 39 34 of
1895 641 108 48 being

379 677 91 36 loud
487 679 73 35 and
579 679 108 38 shrill
706 694 38 23 as
761 682 41 35 in
819 682 63 37 the
899 684 72 35 last
988 689 73 31 two
1088 687 256 46 experiments.
1397 691 46 35 In
1462 703 67 24 one
1546 692 132 48 larynx
1697 695 17 35 I
1735 695 107 37 could
1861 697 48 46 by
1928 698 73 35 this

378 745 127 25 means
531 735 142 37 elevate
699 737 64 36 the
788 738 106 47 pitch
920 743 37 31 to
985 740 63 35 C.
1097 741 46 35 In
1162 741 73 36 this
1254 745 237 46 experiment,
1510 758 39 25 as
1567 748 39 35 in
1624 749 63 36 the
1704 754 72 32 two
1794 754 205 45 preceding,

376 789 65 37 the
467 791 128 47 glottis
620 805 75 24 was
722 794 176 37 observed
924 800 37 31 to
988 796 45 36 be
1059 799 231 45 constricted,
1309 812 38 23 so
1375 802 80 35 that
1472 802 63 36 the
1550 804 103 36 cords
1670 806 166 37 vibrated
1854 809 88 47 only
1961 811 38 34 in

377 851 84 42 part
487 847 40 35 of
549 848 98 36 their
674 854 136 32 extent.
863 851 79 35 The
961 863 106 36 space
1083 852 167 37 between
1268 854 63 37 the
1348 855 66 37 alae
1433 858 39 34 of
1485 858 63 35 the
1566 859 149 45 thyroid
1733 863 109 47 being
1860 864 138 48 wedge-

376 902 151 49 shaped,
545 905 155 36 another
726 907 106 36 effect
858 908 38 35 of
919 908 99 36 their
1035 911 244 45 compression
1298 923 73 24 was
1389 916 37 32 to
1446 913 94 37 force
1557 915 212 38 backwards
1786 918 62 37 the
1866 922 132 36 cricoid

377 961 183 45 cartilage,
580 973 37 24 so
635 961 83 37 that
736 963 63 36 the
816 964 102 35 vocal
937 964 198 47 ligaments
1154 978 94 24 were
1265 967 200 36 tightened.

424 1021 31 32 9.
485 1017 79 36 The
594 1018 133 47 larynx
753 1032 73 23 was
853 1020 81 36 that
961 1021 39 35 of
1026 1034 21 23 a
1072 1035 87 23 man
1185 1024 90 47 aged
1301 1024 112 36 about
1438 1025 118 48 thirty
1581 1040 111 33 years.
1747 1030 44 35 In
1817 1031 73 35 this
1921 1045 77 24 case

373 1073 65 36 the
470 1073 116 47 hyoid
615 1074 95 37 bone
740 1076 73 35 and
844 1077 188 46 epiglottis
1061 1090 96 24 were
1185 1080 182 35 removed.
1421 1081 17 35 I
1465 1081 75 37 also
1566 1083 177 37 dissected
1769 1099 101 33 away
1897 1087 99 38 those

372 1131 190 36 muscular
579 1131 107 36 fibres
708 1133 39 34 of
769 1132 64 36 the
856 1133 323 47 thyro-arytenoid
1202 1134 124 37 which
1352 1136 49 36 lie
1426 1139 154 45 parallel
1606 1143 37 32 to
1669 1140 62 36 the
1758 1142 178 37 direction
1961 1146 39 33 of

372 1187 65 36 the
471 1188 105 35 vocal
602 1189 95 44 cord,
725 1190 75 35 and
826 1190 134 35 within
989 1190 63 35 the
1082 1190 107 47 angle
1221 1192 38 34 of
1289 1192 48 35 its
1363 1193 74 36 free
1463 1194 98 47 edge,
1589 1208 64 34 my
1683 1197 117 46 object
1824 1198 110 48 being
1958 1205 38 30 to

374 1245 151 35 observe
550 1244 64 36 the
641 1246 105 35 effect
772 1246 39 35 of
833 1246 174 47 isolating
1033 1246 63 36 the
1114 1247 105 36 cords
1236 1259 38 24 as
1292 1249 112 35 much
1421 1262 38 23 as
1476 1251 169 46 possible.
1696 1253 79 36 The
1792 1255 114 35 result
1924 1268 72 23 was

372 1301 82 36 that
481 1305 161 32 extreme
669 1302 183 47 difficulty
871 1315 73 23 was
971 1304 240 46 experienced
1235 1304 42 35 in
1293 1305 205 48 producing
1514 1319 72 34 any
1605 1308 104 35 vocal
1726 1310 136 35 sounds
1878 1314 37 34 at
1932 1313 61 35 all.

372 1358 133 45 When,
524 1358 182 45 however,
727 1359 17 35 I
766 1359 172 47 supplied
956 1359 64 36 the
1037 1360 104 47 place
1159 1360 40 36 of
1215 1360 63 36 the
1296 1362 187 35 muscular
1500 1363 106 36 fibres
1619 1365 80 46 just
1716 1367 212 36 mentioned
1945 1368 49 47 by

371 1415 110 36 small
506 1415 71 36 soft
602 1415 90 36 rolls
710 1415 40 36 of
772 1420 72 31 wet
862 1428 121 35 paper,
1002 1416 65 35 the
1093 1416 155 36 musical
1265 1421 104 32 tones
1386 1430 95 25 were
1497 1420 185 46 produced
1700 1422 90 34 with
1808 1422 131 36 almost
1955 1435 38 24 as

369 1472 114 36 much
501 1484 79 23 ease
598 1484 38 23 as
653 1472 40 35 in
711 1472 64 35 the
794 1472 105 35 other
916 1473 258 46 experiments.
1226 1473 91 35 This
1343 1474 232 37 observation
1598 1477 124 46 points
1739 1482 75 31 out,
1834 1478 17 35 I
1870 1478 121 45 think,

371 1541 69 24 one
464 1528 171 36 function
662 1528 39 35 of
723 1528 64 36 the
813 1529 323 45 thyro-arytenoid
1161 1529 152 45 muscle,
1334 1531 159 47 namely,
1521 1532 82 36 that
1628 1533 39 36 of
1688 1536 216 45 supporting
1929 1536 61 34 the

369 1585 104 37 vocal
491 1585 198 47 ligaments
708 1585 108 35 when
834 1585 99 35 their
950 1585 75 36 free
1044 1586 105 47 edges
1167 1598 60 24 are
1244 1587 40 34 in
1302 1598 20 24 a
1340 1591 92 32 state
1450 1588 39 35 of
1502 1589 194 36 vibration.

421 1645 50 32 10.
501 1642 35 34 A
555 1642 88 35 tube
661 1641 114 36 about
791 1642 124 35 fifteen
936 1642 126 35 inches
1079 1642 98 47 long,
1195 1643 192 35 furnished
1406 1644 89 34 with
1513 1644 222 47 perforation
1754 1646 76 35 like
1855 1647 81 36 that
1953 1649 39 34 of

367 1712 21 23 a
406 1699 188 36 clarionet,
614 1710 73 23 was
705 1698 130 35 affixed
853 1702 37 31 to
912 1697 64 36 the
1001 1710 119 35 upper
1140 1702 81 43 part
1247 1698 39 35 of
1307 1698 62 37 the
1386 1699 133 36 larynx
1536 1701 40 34 in
1595 1702 89 34 such
1702 1715 20 22 a
1741 1715 151 23 manner
1910 1705 79 34 that

367 1756 64 35 the
458 1766 206 24 connexion
688 1754 169 35 between
881 1754 103 35 them
1004 1766 72 23 was
1102 1755 179 46 air-tight.
1337 1756 57 35 On
1412 1756 204 46 producing
1632 1757 64 36 the
1712 1759 102 35 voice
1830 1759 41 35 in
1888 1759 101 37 these

368 1813 282 34 circumstances
677 1823 21 23 a
725 1811 196 35 difference
949 1810 89 47 only
1064 1810 39 35 of
1127 1823 69 23 one
1223 1811 72 35 full
1321 1815 84 32 tone
1434 1824 72 23 was
1534 1813 175 35 observed
1735 1814 163 36 between
1926 1816 62 35 the

367 1872 86 31 note
471 1867 168 36 sounded
656 1867 109 35 when
783 1866 52 36 all
852 1867 63 35 the
933 1868 241 45 perforations
1198 1879 48 23 on
1271 1867 64 36 the
1353 1868 78 35 side
1449 1868 39 35 of
1502 1868 63 35 the
1583 1869 88 35 tube
1690 1881 92 24 were
1798 1870 67 35 left
1882 1882 105 24 open,

367 1925 75 36 and
467 1928 82 31 that
575 1923 173 36 obtained
775 1923 108 35 when
908 1923 91 47 they
1024 1935 95 24 were
1144 1923 51 35 all
1222 1923 120 36 closed
1366 1923 93 38 with
1485 1924 64 36 the
1581 1925 142 46 fingers.
1775 1925 91 36 This
1890 1926 31 36 is
1947 1927 40 36 in

366 1992 219 25 accordance
612 1980 91 35 with
729 1980 63 35 the
819 1980 213 47 experience
1059 1980 39 34 of
1122 1979 146 45 Miiller,
1286 1980 74 35 and
1385 1980 40 35 in
1447 1981 206 46 opposition
1671 1986 36 31 to
1726 1982 63 35 the
1805 1981 129 48 theory
1952 1984 39 34 of

366 2036 252 37 Bishop—the
637 2035 210 36 vocal-tube
864 2035 140 36 theory.

416 2098 54 31 11.
498 2093 81 36 The
604 2093 105 36 effect
735 2093 39 35 of
796 2092 139 48 simply
952 2092 205 36 increasing
1181 2092 64 36 the
1272 2096 146 32 current
1444 2094 39 34 of
1504 2093 54 35 air
1584 2093 94 36 from
1694 2094 63 35 the
1774 2094 156 46 gentlest
1948 2100 36 30 to

363 2150 63 36 the
445 2154 182 31 strongest
641 2149 98 35 blast
756 2149 83 35 that
857 2149 109 35 could
984 2149 159 46 produce
1160 2161 20 23 a
1198 2153 86 31 note
1302 2161 73 23 was
1391 2153 37 31 to
1447 2149 139 35 elevate
1603 2149 62 36 the
1682 2150 102 46 pitch
1798 2151 187 46 generally

363 2206 183 44 one-fifth,
566 2218 121 35 rarely
706 2204 197 37 one-sixth,
922 2205 73 35 and
1016 2205 209 35 sometimes
1243 2204 89 36 only
1350 2204 222 36 one-fourth.
1624 2205 90 36 This
1739 2206 75 35 also
1839 2207 145 35 accords

362 2268 91 31 with
476 2262 166 36 Miiller's
661 2261 261 36 observations.

412 2320 54 35 12.
499 2320 126 35 Before
652 2318 223 36 concluding
905 2317 64 36 the
1000 2320 246 33 experiments
1274 2316 94 36 from
1396 2316 121 35 which
1547 2317 16 34 I
1593 2317 92 35 have
1713 2318 86 35 thus
1827 2319 105 46 given
1961 2333 17 20 a

361 2376 186 35 selection,
568 2376 18 35 I
605 2375 73 36 had
696 2374 173 36 acquired
887 2387 20 23 a
926 2374 195 35 command
1139 2386 86 23 over
1242 2373 63 36 the
1324 2373 92 35 dead
1433 2373 133 46 larynx
1584 2374 179 35 sufficient
1789 2379 37 31 to
1852 2375 128 35 enable

360 2445 60 23 me
445 2437 38 31 to
501 2432 161 48 perform
680 2443 101 24 upon
802 2431 30 35 it
858 2443 20 23 a
904 2442 142 23 variety
1065 2430 38 34 of
1125 2429 90 36 slow
1240 2430 82 35 airs,
1340 2434 66 30 not
1430 2441 91 35 very
1538 2430 185 46 correctly,
1743 2430 68 35 but
1836 2431 77 34 still
1939 2432 38 34 in

359 2489 89 35 such
468 2501 21 23 a
505 2500 156 23 manner
678 2487 81 36 that
777 2487 89 35 they
882 2486 109 36 could
1009 2486 114 35 easily
1136 2486 45 34 be
1198 2486 209 44 recognised
1427 2484 48 48 by
1491 2496 61 25 my
1567 2486 184 35 audience.
1804 2486 45 35 In
1867 2487 109 43 doing

358 2544 76 36 this
453 2544 18 35 I
491 2545 110 35 could
618 2543 149 48 employ
785 2547 38 32 at
847 2543 167 47 pleasure
1041 2554 67 24 one
1134 2542 39 35 of
1194 2541 84 36 four
1303 2541 170 35 different
1498 2540 167 35 methods
1692 2540 39 37 of
1754 2542 135 47 raising
1913 2542 63 36 the

358 2604 176 43 pitch:—

409 2660 62 40 1st,
498 2657 57 47 By
572 2656 149 48 pulling
739 2655 156 35 forward
913 2654 63 35 the
994 2653 148 47 thyroid
1163 2652 180 46 cartilage,
1364 2665 36 22 as
1418 2652 38 34 in
1475 2652 62 35 the
1557 2653 77 34 first
1652 2658 250 31 experiment;

407 2713 57 45 2d,
485 2714 56 46 By
558 2712 162 49 pushing
736 2712 177 35 forwards
928 2710 90 36 with
1032 2709 63 36 the
1109 2709 106 47 point
1230 2709 38 35 of
1283 2708 62 36 the
1360 2708 113 46 finger
1492 2707 60 38 the
1567 2710 190 45 arytenoid
1776 2710 197 44 cartilages,

355 2780 40 24 as
413 2769 39 35 in
471 2769 62 36 the
552 2769 98 36 sixth
670 2768 228 48 experiment
917 2780 8 30 ;

405 2826 57 45 3d,
483 2826 56 47 By
557 2826 165 47 pressing
740 2824 63 37 the
821 2823 210 48 arytenoids
1049 2821 165 48 together
1231 2821 163 36 between
1414 2821 61 35 the
1494 2820 115 48 finger
1625 2821 71 36 and
1716 2821 143 37 thumb,
1878 2833 38 24 as
1934 2822 37 34 in

356 2880 63 37 the
438 2882 154 36 seventh
611 2893 255 31 experiment;

402 2939 74 42 4th,
502 2939 57 46 By
577 2950 248 36 compressing
843 2937 62 36 the
923 2935 148 50 thyroid
1090 2934 170 50 cartilage
1280 2933 179 48 laterally,
1478 2946 38 24 as
1535 2934 38 35 in
1592 2934 61 36 the
1680 2934 126 49 eighth
1832 2934 136 48 experi-

354 2999 111 32 ment.
