2113 3404
830 771 233 56 PART
1124 776 319 57 THIRD.

385 948 220 52 SPEECH
645 952 60 49 IN
743 954 88 51 ITS
871 956 315 52 RELATIONS
1228 960 64 50 TO
1333 962 268 53 DISEASES
1643 966 66 50 OF
1753 967 110 49 THE

865 1078 259 52 NERVOUS
1161 1081 226 52 SYSTEM.

893 1409 281 45 CHAPTER
1215 1412 128 44 VIII.

629 1531 174 43 Speech
833 1544 47 31 in
913 1546 68 31 its
1013 1537 256 43 Relations
1300 1549 54 30 to
1386 1538 228 43 Insanity.

368 1656 67 42 As
473 1658 72 42 the
582 1661 290 53 peculiarities
910 1665 44 41 of
989 1667 156 54 speech
1182 1667 46 42 in
1265 1667 253 56 Congenital
1556 1668 227 43 Imbeciles
1816 1669 109 43 have

309 1727 109 42 been
460 1729 174 56 already
675 1737 147 51 pretty
863 1735 112 55 fully
1007 1736 232 43 discussed,
1281 1737 95 41 that
1412 1738 167 53 subject
1619 1739 107 41 need
1757 1744 77 37 not
1874 1740 52 41 be

308 1799 205 42 included
534 1800 46 42 in
603 1801 74 42 the
708 1809 176 48 present
916 1805 187 55 chapter.
1167 1808 42 40 It
1240 1807 37 41 is
1310 1807 71 41 the
1409 1810 121 38 other
1561 1807 108 42 class
1701 1809 42 40 of
1774 1809 151 41 insane

307 1883 179 40 persons
519 1871 95 41 that
646 1873 22 40 I
700 1887 98 27 now
831 1875 108 41 wish
962 1881 43 36 to
1037 1881 112 37 treat
1170 1878 66 40 of:
1267 1891 176 41 persons
1467 1878 94 40 who
1593 1883 45 35 at
1669 1892 79 27 one
1778 1880 147 52 period

306 1940 47 41 of
390 1941 114 41 their
545 1942 108 42 lives
695 1942 110 44 have
847 1945 106 41 been
992 1960 114 28 sane,
1147 1947 86 41 and
1274 1947 45 41 in
1362 1946 73 41 the
1477 1947 81 40 full
1601 1948 240 53 possession
1883 1950 46 39 of

307 2008 74 42 the
428 2009 167 55 faculty
641 2010 48 42 of
734 2011 249 56 intelligent
1034 2014 180 55 speech;
1265 2014 79 41 but
1386 2014 95 41 who
1522 2028 70 28 are
1631 2029 97 27 now
1762 2015 161 50 insane,

304 2079 114 41 their
448 2080 145 42 minds
623 2081 173 56 having,
827 2083 46 40 in
896 2098 79 28 one
1010 2098 93 27 way
1125 2098 47 27 or
1193 2084 190 42 another,
1407 2084 172 41 become
1612 2084 242 42 disordered
1877 2098 47 28 or

304 2149 267 43 degenerate.

362 2221 22 41 I
407 2220 130 42 think
557 2221 36 41 it
615 2221 212 43 desirable
858 2227 44 37 at
934 2222 74 43 the
1040 2228 142 37 outset
1213 2223 97 42 that
1332 2238 64 27 we
1428 2223 166 42 should,
1617 2237 45 27 as
1695 2223 158 42 clearly
1876 2238 47 26 as

301 2304 65 29 we
395 2304 92 39 can,
519 2291 263 56 distinguish
814 2292 195 43 between
1041 2294 74 42 the
1147 2293 165 42 faculty
1334 2293 46 41 of
1407 2293 200 41 Thought
1639 2293 84 41 and
1754 2293 96 41 that
1881 2295 46 39 of

301 2361 240 56 Language.
604 2362 120 55 They
755 2376 72 29 are
864 2377 45 28 so
946 2364 160 42 closely
1138 2364 85 41 and
1259 2363 246 42 intimately
1547 2363 145 41 bound
1729 2363 193 42 together

302 2432 96 41 that
439 2432 36 41 it
505 2432 36 41 is
574 2432 184 42 difficult
789 2447 46 27 or
865 2433 251 55 impossible
1148 2438 44 37 to
1224 2433 116 41 draw
1368 2433 193 41 between
1594 2433 118 41 them
1744 2447 24 26 a
1800 2433 122 42 strict

299 2501 90 42 line
411 2502 47 41 of
485 2501 303 44 demarcation.
849 2503 193 55 Damage
1072 2503 110 42 done
1212 2508 42 36 to
1277 2502 73 42 the
1373 2516 79 28 one
1484 2502 98 42 tells
1604 2503 45 40 in
1673 2507 111 36 most
1805 2516 116 28 cases

299 2587 118 28 more
448 2586 47 28 or
525 2573 85 43 less
642 2575 319 55 unfavourably
993 2589 118 27 upon
1143 2575 74 41 the
1259 2574 131 42 other.
1452 2574 90 41 The
1573 2574 146 49 union,
1750 2573 169 50 indeed,

297 2644 39 41 is
358 2657 46 28 so
425 2643 214 51 intimate,
656 2644 107 50 that,
780 2658 45 28 as
848 2659 64 28 we
933 2645 110 42 have
1065 2645 175 54 already
1263 2658 112 28 seen,
1396 2643 119 42 there
1537 2656 70 28 are
1625 2643 294 54 philosophers

298 2727 96 28 who
417 2713 143 42 would
582 2713 109 42 have
714 2728 50 28 us
787 2714 164 43 believe
983 2715 96 41 that
1111 2714 120 42 there
1263 2728 78 28 can
1373 2713 53 42 be
1447 2727 56 27 no
1526 2713 184 55 thought
1735 2717 183 36 without

296 2783 157 43 speecli
485 2783 86 42 and
602 2797 56 28 no
689 2784 155 56 speech
877 2792 184 34 without
1093 2784 193 41 thought.
1349 2784 111 40 That
1491 2784 120 48 view,
1643 2783 206 41 however,
1881 2782 36 41 is

297 2859 77 37 not
396 2868 80 28 one
508 2853 97 43 that
636 2868 137 28 seems
805 2859 45 37 to
881 2869 68 27 me
983 2861 42 35 to
1057 2854 144 42 derive
1233 2867 85 41 any
1341 2858 180 49 support
1552 2853 109 41 from
1692 2852 71 41 the
1786 2851 130 54 study

295 2925 45 42 of
381 2925 74 42 the
492 2924 210 56 language
739 2925 47 41 of
817 2924 233 51 imbeciles,
1094 2924 269 50 deaf-mutes,
1400 2922 207 55 aphasics,
1645 2922 84 41 and
1767 2922 148 41 insane

294 3009 190 42 persons.
547 2994 90 42 The
671 2994 129 42 study
835 2994 46 41 of
911 2994 104 42 such
1051 3007 128 28 cases,
1213 3007 55 28 on
1311 2992 72 43 the
1419 2996 210 48 contrary,
1660 3004 136 29 seems
1829 2991 84 40 dis-

295 3066 158 43 tinctly
476 3070 43 38 to
542 3065 251 43 strengthen
823 3064 75 42 the
931 3077 115 29 more
1077 3063 219 55 generally
1318 3061 202 55 accepted
1552 3074 120 37 view,
1694 3060 89 51 viz.,
1807 3064 106 45 that,
