1895 3217
712 319 92 32 THE
828 318 303 32 MARIMONDA,

1515 309 90 41 173

242 448 77 44 the
344 447 88 45 Old
455 446 174 53 Woiidj
655 446 89 44 and
762 461 56 30 on
841 445 78 46 the
939 445 229 46 Oronooko
1187 443 79 46 the
1284 443 170 46 broiled
1471 443 134 47 limbs

242 521 49 47 of
306 523 77 44 the
407 523 303 45 Marimonda
734 538 116 29 were
873 521 255 61 frequently
1147 536 103 30 seen
1273 521 62 59 by
1351 521 255 45 Humboldt

240 598 47 46 in
321 599 78 44 the
432 599 106 44 huts
562 597 51 46 of
639 605 78 38 the
752 605 204 47 natives;
982 598 91 44 and
1100 604 47 38 at
1176 597 241 45 Emeralda
1446 597 57 45 he
1527 613 81 29 ex-

241 675 194 54 amined^
460 681 190 48 roasted,
676 675 89 45 and
796 675 125 45 dried
949 674 152 46 bodies
1134 673 47 46 in
1217 690 57 29 an
1307 674 164 45 Indian
1504 674 101 54 hut,

242 752 147 44 which
414 767 116 29 were
553 751 214 61 prepared
791 750 64 46 for
878 767 58 29 an
960 751 169 45 annual
1151 751 182 44 harvest
1357 749 132 46 fete.*

305 827 206 46 Another
534 843 173 30 curious
741 827 170 45 animal
944 827 235 61 belonging
1201 832 45 40 to
1280 827 92 45 this
1403 842 137 46 group
1564 827 38 46 is

240 905 78 44 the
333 904 155 46 CAwzja
501 903 48 46 of
560 904 269 53 Humboldt,
850 902 166 61 {Ateles
1031 909 302 54 marginatus,
1351 902 252 56 Geoffroy,)

241 981 253 61 inhabiting
517 988 77 38 the
617 996 207 45 province
855 979 49 46 of
919 981 116 44 Jaen
1059 980 54 45 de
1139 981 284 44 Bracamoros
1447 995 56 30 on
1526 981 79 45 the

241 1058 117 45 river
373 1057 49 46 of
429 1058 76 44 the
521 1057 244 53 Amazons,
784 1057 147 44 where
948 1057 111 60 they
1074 1056 90 45 live
1179 1056 91 46 also
1289 1056 47 45 in
1350 1062 162 55 troops,
1523 1058 83 45 but

242 1134 172 45 always
445 1140 201 39 separate
669 1133 112 45 from
804 1134 78 44 the
907 1133 317 46 Marirno7ida.
1292 1133 45 45 It
1368 1134 238 45 resembles

241 1211 102 44 that
372 1225 169 30 animal
569 1209 47 46 in
645 1209 59 46 its
732 1225 224 39 manners,
987 1210 83 44 but
1111 1209 38 46 is
1186 1209 326 46 distinguished
1543 1211 62 60 by

243 1287 77 45 the
358 1287 141 45 larger
532 1302 89 29 size
658 1286 89 45 and
784 1287 109 60 deep
930 1286 130 45 black
1094 1301 147 30 colour
1276 1285 50 46 of
1355 1292 78 39 the
1465 1302 142 45 upper

244 1378 137 46 parts,
419 1364 89 44 and
537 1363 47 44 in
618 1363 79 44 the
730 1364 148 44 breast
912 1363 91 45 and
1035 1362 127 45 inner
1185 1362 115 46 sides
1334 1361 51 46 of
1410 1363 79 45 the
1512 1363 91 46 legs

244 1440 91 45 and
358 1455 117 29 arms
499 1439 105 61 only
627 1441 131 59 being
781 1439 153 45 white.

311 1593 96 43 The
441 1597 107 40 next
589 1591 110 45 form
739 1591 238 61 occurring,
1018 1592 37 45 is
1098 1592 165 45 named
1299 1594 63 59 by
1390 1592 212 63 Geoffroy

246 1667 279 61 hagoihrix;
555 1668 90 45 and
669 1684 67 28 we
765 1675 142 53 regret
937 1675 101 39 that
1063 1684 69 30 we
1162 1669 115 45 have
1299 1670 113 45 been
1435 1670 166 46 unable

242 1750 46 39 to
316 1760 179 44 procure
530 1760 90 45 any
644 1745 269 45 illustration
937 1744 50 46 of
1012 1744 49 46 it.
1132 1746 96 44 The
1250 1760 140 45 genus
1412 1761 109 46 may
1545 1748 56 44 be

243 1820 321 45 characterised
601 1822 63 59 by
687 1836 27 28 a
753 1819 128 46 facial
926 1821 128 61 angle
1099 1820 50 45 of
1185 1825 97 41 50°.
1352 1823 98 44 The
1483 1823 118 45 head

243 1897 189 43 rounder
448 1897 112 43 than
577 1896 48 44 in
642 1897 78 44 the
737 1897 110 53 last;
866 1897 145 44 hands
1028 1897 212 60 provided
1258 1896 113 46 with
1388 1900 209 53 thumbs;

244 1978 78 37 the
345 1971 82 45 tail
455 1972 104 60 long
588 1972 89 44 and
708 1972 261 60 prehensile,
1003 1973 149 44 naked
1175 1979 46 39 at
1244 1979 78 39 the
1344 1980 67 54 tip
1434 1976 167 44 under-

244 2048 138 44 neath
397 2064 14 37 ;
447 2054 78 38 the
555 2063 46 29 os
629 2048 186 59 hyoides
844 2049 253 60 outwardly
1121 2055 244 54 apparent;
1401 2050 78 45 the
1501 2051 99 46 hair

243 2124 137 60 rough
404 2125 90 44 and
516 2124 162 45 curled.
747 2125 110 44 Two
881 2140 163 45 species
1064 2141 105 45 only
1187 2141 73 29 are
1277 2132 79 54 yet
1379 2126 220 48 discover-

244 2200 54 44 ed
306 2217 13 36 j
345 2207 77 38 the
440 2216 81 30 one
538 2200 259 46 mentioned
814 2202 60 60 by
893 2201 210 61 Geoffroy
1118 2203 88 45 and
1222 2203 272 56 Desmarest,
1514 2206 82 45 but

300 2342 20 19 •
350 2340 38 37 A
408 2341 142 37 Frenct
562 2344 130 45 wi-iter,
716 2345 170 47 speaking
899 2346 41 36 of
953 2358 175 24 monkeys
1143 2359 36 23 as
1193 2359 21 23 a
1342 2360 89 34 says,
1451 2349 25 19 “
1491 2348 105 50 They

242 2420 60 23 are
317 2407 183 36 excellent
515 2414 130 41 eating,
659 2410 70 34 and
745 2415 79 30 that
838 2423 21 22 a
888 2411 12 18 ‘
913 2422 121 36 soupe
1053 2423 84 24 aux
1154 2412 145 36 singes’
1317 2414 76 34 -will
1415 2414 45 36 be
1482 2415 114 36 found

242 2485 37 23 as
296 2473 92 46 good
404 2485 37 23 as
460 2485 70 35 any
550 2479 115 39 other,
693 2486 37 23 as
754 2487 85 23 soon
864 2487 36 23 as
927 2488 71 34 you
1015 2476 94 36 have
1128 2479 201 45 conquered
1350 2485 62 30 the
1431 2481 163 36 aversion

243 2542 37 30 to
300 2537 61 35 the
381 2537 133 37 bouilli
533 2538 41 36 of
596 2538 94 36 their
707 2539 122 46 heads,
861 2541 117 35 which
997 2541 87 36 look
1103 2554 87 35 very
1207 2542 76 37 like
1304 2549 101 31 those
1431 2545 40 35 of
1495 2544 97 38 little

242 2602 203 36 children.”
