1895 3217
335 313 25 40 8

769 324 188 32 MEMOIR
991 324 53 33 OF
1078 324 201 33 BUFFON.

333 450 240 61 Benjamin
596 450 43 46 le
658 450 126 49 Clerc
805 450 180 54 Buffon^
1005 452 133 60 being
1156 465 27 31 a
1200 449 245 47 counsellor
1461 448 50 48 of
1527 449 174 47 Parlia-

330 533 127 39 ment
492 527 48 45 in
573 528 79 45 the
687 527 190 55 district,
913 527 234 61 naturally
1177 527 173 45 wished
1382 527 103 45 that
1517 527 71 45 his
1624 542 78 30 son

331 603 161 47 should
516 605 138 61 study
677 604 71 46 his
772 620 103 30 own
898 602 258 64 profession,
1182 603 91 46 and
1295 602 42 46 if
1357 603 190 61 possible
1570 609 133 39 assist

332 681 90 44 and
445 682 186 45 succeed
648 681 98 46 him
769 681 49 46 in
840 682 80 45 the
945 681 229 46 discharge
1198 680 51 46 of
1263 680 59 46 its
1346 681 162 45 duties.
1558 680 147 45 There

332 773 75 29 are
442 757 87 46 few
553 758 195 62 existing
780 758 175 46 records
986 757 52 47 of
1062 764 79 39 the
1172 757 126 62 early
1320 757 77 46 life
1431 756 51 46 of
1508 756 194 54 Buffon;

333 835 90 44 and
463 841 159 39 except
662 836 104 44 that
806 835 58 46 he
908 836 200 61 pursued
1145 841 80 40 the
1260 835 172 45 studies
1466 834 150 45 which
1648 834 58 44 he

333 911 250 46 undertook
617 912 115 45 with
773 919 125 55 gi’eat
937 912 163 46 ardour
1139 912 92 45 and
1269 926 331 47 perseverance,
1637 925 70 30 we

335 987 136 45 know
493 988 121 46 little
638 988 50 46 of
698 989 74 45 his
796 988 216 62 youthful
1034 989 152 46 habits
1210 989 90 46 and
1323 994 309 55 propensities.

402 1064 87 45 His
513 1063 97 47 first
633 1066 151 60 public
802 1065 169 46 tuition
989 1081 94 30 was
1102 1072 48 40 at
1166 1066 81 45 the
1263 1065 189 46 Jesuit’s
1471 1064 179 47 College
1668 1064 49 46 of

338 1141 152 60 Dijon,
517 1142 150 45 where
689 1142 59 45 he
772 1158 95 29 was
889 1143 159 60 placed
1069 1148 46 40 to
1141 1148 139 55 study
1302 1148 79 39 the
1403 1140 242 62 profession
1668 1140 51 47 of

338 1218 79 44 the
440 1218 92 45 law
546 1235 14 37 j
586 1220 84 43 but
693 1219 71 45 his
788 1219 161 45 dislike
967 1217 65 47 for
1054 1219 93 45 this
1172 1218 322 62 employment,
1521 1218 91 45 and
1633 1218 80 45 the

340 1295 96 44 zeal
455 1294 114 46 with
585 1295 150 45 which
752 1295 57 45 he
828 1295 206 46 followed
1051 1302 79 39 the
1147 1311 122 30 more
1288 1297 203 44 abstruse
1507 1295 205 55 sciences,

340 1372 247 59 prevented
609 1371 71 46 his
703 1371 149 46 father
879 1372 117 46 from
1025 1372 210 62 insisting
1266 1387 121 46 upon
1417 1387 27 30 a
1478 1371 238 47 continua-

341 1455 95 38 tion
461 1447 50 46 of
534 1448 70 46 his
627 1449 118 45 legal
769 1449 184 54 studies,
979 1449 91 45 and
1092 1450 238 60 gi'adually
1352 1448 246 62 pemiitted
1620 1448 95 46 him

342 1531 46 39 to
412 1541 165 44 pursue
594 1531 129 40 those
748 1524 50 47 of
812 1526 71 45 his
907 1541 103 31 own
1029 1525 226 46 selecting.
1323 1525 281 61 Astronomy
1628 1526 90 45 and

342 1602 320 46 mathematics
697 1618 120 30 seem
848 1609 46 39 to
923 1603 117 45 have
1070 1604 113 44 been
1216 1603 80 45 the
1329 1603 217 45 branches
1571 1602 150 46 which

345 1679 165 61 chiefly
544 1679 246 47 interested
822 1679 131 54 him;
1001 1680 90 45 and
1124 1679 58 46 he
1220 1695 205 46 perused,
1464 1679 115 45 with
1619 1696 101 44 per-

347 1772 249 38 severance,
622 1763 80 39 the
724 1763 118 39 most
866 1757 227 45 esteemed
1108 1772 146 30 works
1278 1773 57 29 on
1357 1763 128 39 these
1509 1757 210 61 subjects.

350 1833 162 45 Euclid
535 1849 94 29 was
654 1849 27 30 a
710 1839 125 56 great
858 1832 251 57 favourite;
1143 1834 90 45 and
1255 1834 58 44 he
1343 1833 37 45 is
1412 1833 97 45 said
1532 1840 46 39 to
1601 1834 118 46 have

348 1911 113 44 been
497 1925 45 31 so
576 1911 138 44 much
759 1911 234 59 engrossed
1030 1910 114 46 with
1179 1911 92 45 this
1309 1916 177 49 author,
1525 1911 103 46 that
1662 1911 58 46 he

354 2075 132 50 Street,
515 2082 71 34 and
614 2087 63 31 the
705 2087 104 31 court
834 2082 30 36 is
892 2082 147 36 behind.
1103 2080 91 38 You
1221 2083 129 35 ascend
1378 2094 20 23 a
1422 2087 165 31 staircase
1614 2087 37 30 to
1678 2093 44 35 go

353 2145 76 36 into
451 2151 62 30 the
532 2158 148 34 garden,
711 2147 120 36 which
851 2149 29 34 is
899 2149 116 34 raised
1031 2161 47 22 on
1098 2153 63 31 the
1180 2161 101 23 ruins
1301 2150 41 34 of
1366 2155 63 29 the
1456 2149 145 35 ancient
1620 2160 102 24 man-

353 2224 88 32 sion,
463 2212 41 34 of
517 2211 118 35 which
652 2217 62 30 the
730 2212 102 36 walls
852 2214 109 34 make
979 2219 60 29 the
1054 2219 164 30 terraces.
1280 2212 60 38 On
1361 2214 63 35 the
1444 2219 62 41 top
1525 2220 102 29 there
1648 2213 77 36 still

354 2289 156 23 remains
530 2289 46 23 an
597 2282 150 42 octagon
767 2283 125 40 tower,
912 2279 121 36 where
1054 2278 137 36 Buffon
1211 2280 106 35 made
1337 2279 55 36 his
1412 2279 245 35 observations
1677 2291 48 23 on

355 2349 62 29 the
437 2343 287 36 reverberations
744 2345 41 34 of
798 2345 63 35 air.
923 2344 80 37 The
1023 2345 183 36 elevation
1227 2346 41 35 of
1283 2345 71 35 this
1375 2351 112 30 tower
1504 2345 30 36 is
1557 2343 74 37 140
1651 2345 76 35 feet

355 2410 114 35 above
490 2409 62 36 the
571 2409 97 37 level
690 2412 41 34 of
745 2411 63 37 the
827 2411 100 37 little
946 2412 97 36 river
1063 2411 146 47 Braine,
1236 2412 120 36 which
1377 2423 131 25 crosses
1527 2416 64 30 the
1611 2416 110 31 town.

358 2473 89 37 This
460 2475 160 37 singular
634 2478 70 34 and
717 2478 227 47 picturesque
955 2479 135 47 garden
1102 2479 29 36 is
1144 2478 84 36 well
1244 2478 142 47 worthy
1400 2484 62 29 the
1475 2482 119 31 notice
1607 2478 42 35 of
1663 2477 65 36 the

358 2553 167 32 cui-ious;
545 2542 70 35 and
636 2548 63 30 the
718 2555 197 25 numerous
933 2545 140 35 foreign
1093 2550 93 31 trees
1205 2544 120 36 which
1346 2544 61 36 the
1426 2543 203 36 illustrious
1648 2555 81 35 pro-

358 2610 133 48 prietor
508 2611 73 36 had
600 2610 190 47 collected,
802 2612 93 35 form
915 2611 186 47 agreeable
1113 2610 413 38 arbours.—Millin’s
1547 2608 179 38 Travels.
