<?xml version="1.0" encoding="UTF-8"?>
<alto xmlns="http://www.loc.gov/standards/alto/ns-v2#" xmlns:xsi="http://www.w3.org/2001/XMLSchema-instance" xsi:schemaLocation="http://www.loc.gov/standards/alto/ns-v2# http://www.loc.gov/standards/alto/alto.xsd">
  <Description>
    <MeasurementUnit>pixel</MeasurementUnit>
    <sourceImageInformation>
      <fileName>b20392321_abbyy.xml</fileName>
    </sourceImageInformation>
    <OCRProcessing ID="OCR_1">
      <preProcessingStep>
        <processingDateTime>2015-06-16T02:11:33</processingDateTime>
        <processingAgency>intranda GmbH, www.intranda.com</processingAgency>
        <processingSoftware>
          <softwareCreator>intranda GmbH, Germany</softwareCreator>
          <softwareName>intranda OCR Module for TaskManager</softwareName>
          <softwareVersion>1.0r42</softwareVersion>
        </processingSoftware>
      </preProcessingStep>
      <ocrProcessingStep>
        <processingSoftware>
          <softwareCreator>ABBYY (BIT Software), Russia</softwareCreator>
          <softwareName>FineReader Engine</softwareName>
          <softwareVersion>10</softwareVersion>
        </processingSoftware>
      </ocrProcessingStep>
    </OCRProcessing>
  </Description>
  <Layout>
    <Page PHYSICAL_IMG_NR="62" ID="PAGE_62" WIDTH="1933" HEIGHT="3302">
      <TopMargin ID="TopMargin_1" HPOS="239" VPOS="174" WIDTH="1142" HEIGHT="48">
        <TextBlock ID="TextBlock_228" HPOS="239" VPOS="174" WIDTH="1142" HEIGHT="48">
          <TextLine ID="TextLine_2672" HPOS="718" VPOS="180" WIDTH="663" HEIGHT="42">
            <String ID="Word_23744" HPOS="718" VPOS="180" WIDTH="269" HEIGHT="41" CONTENT="Hospitalbrand" />
            <SP ID="SP_21077" HPOS="987" VPOS="180" WIDTH="24" HEIGHT="0" />
            <String ID="Word_23745" HPOS="1011" VPOS="187" WIDTH="61" HEIGHT="28" CONTENT="auf" />
            <SP ID="SP_21078" HPOS="1072" VPOS="184" WIDTH="21" HEIGHT="0" />
            <String ID="Word_23746" HPOS="1093" VPOS="184" WIDTH="288" HEIGHT="38" CONTENT="Schleimhäuten." />
          </TextLine>
          <TextLine ID="TextLine_2671" HPOS="239" VPOS="174" WIDTH="52" HEIGHT="38">
            <String ID="Word_23743" HPOS="239" VPOS="174" WIDTH="52" HEIGHT="38" CONTENT="42" />
          </TextLine>
        </TextBlock>
      </TopMargin>
      <PrintSpace ID="PrintSpace_63" HPOS="222" VPOS="1175" WIDTH="1630" HEIGHT="1860">
        <TextBlock ID="TextBlock_226" HPOS="228" VPOS="277" WIDTH="1624" HEIGHT="812">
          <TextLine ID="TextLine_2673" HPOS="370" VPOS="283" WIDTH="1474" HEIGHT="55">
            <String ID="Word_23747" HPOS="370" VPOS="283" WIDTH="58" HEIGHT="30" CONTENT="Bei" />
            <SP ID="SP_21079" HPOS="428" VPOS="283" WIDTH="26" HEIGHT="0" />
            <String ID="Word_23748" HPOS="454" VPOS="293" WIDTH="111" HEIGHT="20" CONTENT="einem" />
            <SP ID="SP_21080" HPOS="565" VPOS="285" WIDTH="24" HEIGHT="0" />
            <String ID="Word_23749" HPOS="589" VPOS="285" WIDTH="207" HEIGHT="40" CONTENT="41jahngen" />
            <SP ID="SP_21081" HPOS="796" VPOS="285" WIDTH="20" HEIGHT="0" />
            <String ID="Word_23750" HPOS="816" VPOS="289" WIDTH="121" HEIGHT="31" CONTENT="Manne" />
            <SP ID="SP_21082" HPOS="937" VPOS="289" WIDTH="25" HEIGHT="0" />
            <String ID="Word_23751" HPOS="962" VPOS="291" WIDTH="117" HEIGHT="30" CONTENT="wurde" />
            <SP ID="SP_21083" HPOS="1079" VPOS="291" WIDTH="27" HEIGHT="0" />
            <String ID="Word_23752" HPOS="1106" VPOS="293" WIDTH="52" HEIGHT="29" CONTENT="bei" />
            <SP ID="SP_21084" HPOS="1158" VPOS="293" WIDTH="25" HEIGHT="0" />
            <String ID="Word_23753" HPOS="1183" VPOS="294" WIDTH="94" HEIGHT="30" CONTENT="einer" />
            <SP ID="SP_21085" HPOS="1277" VPOS="294" WIDTH="23" HEIGHT="0" />
            <String ID="Word_23754" HPOS="1300" VPOS="300" WIDTH="78" HEIGHT="26" CONTENT="acut" />
            <SP ID="SP_21086" HPOS="1378" VPOS="298" WIDTH="16" HEIGHT="0" />
            <String ID="Word_23755" HPOS="1394" VPOS="298" WIDTH="142" HEIGHT="40" CONTENT="eitrigen" />
            <SP ID="SP_21087" HPOS="1536" VPOS="298" WIDTH="19" HEIGHT="0" />
            <String ID="Word_23756" HPOS="1555" VPOS="298" WIDTH="159" HEIGHT="34" CONTENT="Parotitis" />
            <SP ID="SP_21088" HPOS="1714" VPOS="298" WIDTH="25" HEIGHT="0" />
            <String ID="Word_23757" HPOS="1739" VPOS="303" WIDTH="105" HEIGHT="32" CONTENT="durch" />
          </TextLine>
          <TextLine ID="TextLine_2674" HPOS="239" VPOS="326" WIDTH="1606" HEIGHT="52">
            <String ID="Word_23758" HPOS="239" VPOS="334" WIDTH="77" HEIGHT="21" CONTENT="eine" />
            <SP ID="SP_21089" HPOS="316" VPOS="326" WIDTH="25" HEIGHT="0" />
            <String ID="Word_23759" HPOS="341" VPOS="326" WIDTH="170" HEIGHT="41" CONTENT="zolllange" />
            <SP ID="SP_21090" HPOS="511" VPOS="326" WIDTH="26" HEIGHT="0" />
            <String ID="Word_23760" HPOS="537" VPOS="326" WIDTH="147" HEIGHT="33" CONTENT="Incision" />
            <SP ID="SP_21091" HPOS="684" VPOS="326" WIDTH="27" HEIGHT="0" />
            <String ID="Word_23761" HPOS="711" VPOS="330" WIDTH="60" HEIGHT="30" CONTENT="der" />
            <SP ID="SP_21092" HPOS="771" VPOS="330" WIDTH="26" HEIGHT="0" />
            <String ID="Word_23762" HPOS="797" VPOS="332" WIDTH="92" HEIGHT="30" CONTENT="Eiter" />
            <SP ID="SP_21093" HPOS="889" VPOS="332" WIDTH="24" HEIGHT="0" />
            <String ID="Word_23763" HPOS="913" VPOS="333" WIDTH="154" HEIGHT="32" CONTENT="entleert." />
            <SP ID="SP_21094" HPOS="1067" VPOS="333" WIDTH="48" HEIGHT="0" />
            <String ID="Word_23764" HPOS="1115" VPOS="335" WIDTH="139" HEIGHT="31" CONTENT="Danach" />
            <SP ID="SP_21095" HPOS="1254" VPOS="335" WIDTH="24" HEIGHT="0" />
            <String ID="Word_23765" HPOS="1278" VPOS="339" WIDTH="158" HEIGHT="31" CONTENT="schwand" />
            <SP ID="SP_21096" HPOS="1436" VPOS="339" WIDTH="32" HEIGHT="0" />
            <String ID="Word_23766" HPOS="1468" VPOS="341" WIDTH="60" HEIGHT="31" CONTENT="das" />
            <SP ID="SP_21097" HPOS="1528" VPOS="341" WIDTH="25" HEIGHT="0" />
            <String ID="Word_23767" HPOS="1553" VPOS="342" WIDTH="119" HEIGHT="32" CONTENT="Fieber" />
            <SP ID="SP_21098" HPOS="1672" VPOS="342" WIDTH="40" HEIGHT="0" />
            <String ID="Word_23768" HPOS="1712" VPOS="346" WIDTH="133" HEIGHT="32" CONTENT="Patient" />
          </TextLine>
          <TextLine ID="TextLine_2675" HPOS="238" VPOS="368" WIDTH="1606" HEIGHT="52">
            <String ID="Word_23769" HPOS="238" VPOS="368" WIDTH="134" HEIGHT="30" CONTENT="erholte" />
            <SP ID="SP_21099" HPOS="372" VPOS="368" WIDTH="24" HEIGHT="0" />
            <String ID="Word_23770" HPOS="396" VPOS="369" WIDTH="82" HEIGHT="30" CONTENT="sich." />
            <SP ID="SP_21100" HPOS="478" VPOS="369" WIDTH="41" HEIGHT="0" />
            <String ID="Word_23771" HPOS="519" VPOS="369" WIDTH="92" HEIGHT="32" CONTENT="Nach" />
            <SP ID="SP_21101" HPOS="611" VPOS="369" WIDTH="26" HEIGHT="0" />
            <String ID="Word_23772" HPOS="637" VPOS="372" WIDTH="18" HEIGHT="31" CONTENT="9" />
            <SP ID="SP_21102" HPOS="655" VPOS="372" WIDTH="18" HEIGHT="0" />
            <String ID="Word_23773" HPOS="673" VPOS="373" WIDTH="116" HEIGHT="40" CONTENT="Tagen" />
            <SP ID="SP_21103" HPOS="789" VPOS="373" WIDTH="25" HEIGHT="0" />
            <String ID="Word_23774" HPOS="814" VPOS="376" WIDTH="118" HEIGHT="39" CONTENT="ergriff" />
            <SP ID="SP_21104" HPOS="932" VPOS="376" WIDTH="22" HEIGHT="0" />
            <String ID="Word_23775" HPOS="954" VPOS="376" WIDTH="60" HEIGHT="31" CONTENT="der" />
            <SP ID="SP_21105" HPOS="1014" VPOS="376" WIDTH="25" HEIGHT="0" />
            <String ID="Word_23776" HPOS="1039" VPOS="377" WIDTH="265" HEIGHT="40" CONTENT="Ilospitalbrand" />
            <SP ID="SP_21106" HPOS="1304" VPOS="377" WIDTH="25" HEIGHT="0" />
            <String ID="Word_23777" HPOS="1329" VPOS="382" WIDTH="54" HEIGHT="30" CONTENT="die" />
            <SP ID="SP_21107" HPOS="1383" VPOS="382" WIDTH="19" HEIGHT="0" />
            <String ID="Word_23778" HPOS="1402" VPOS="383" WIDTH="130" HEIGHT="31" CONTENT="Wunde" />
            <SP ID="SP_21108" HPOS="1532" VPOS="383" WIDTH="26" HEIGHT="0" />
            <String ID="Word_23779" HPOS="1558" VPOS="386" WIDTH="67" HEIGHT="30" CONTENT="und" />
            <SP ID="SP_21109" HPOS="1625" VPOS="386" WIDTH="20" HEIGHT="0" />
            <String ID="Word_23780" HPOS="1645" VPOS="390" WIDTH="199" HEIGHT="30" CONTENT="verbreitete" />
          </TextLine>
          <TextLine ID="TextLine_2676" HPOS="239" VPOS="412" WIDTH="1607" HEIGHT="50">
            <String ID="Word_23781" HPOS="239" VPOS="412" WIDTH="71" HEIGHT="29" CONTENT="sich" />
            <SP ID="SP_21110" HPOS="310" VPOS="412" WIDTH="32" HEIGHT="0" />
            <String ID="Word_23782" HPOS="342" VPOS="421" WIDTH="33" HEIGHT="20" CONTENT="in" />
            <SP ID="SP_21111" HPOS="375" VPOS="412" WIDTH="27" HEIGHT="0" />
            <String ID="Word_23783" HPOS="402" VPOS="412" WIDTH="60" HEIGHT="30" CONTENT="der" />
            <SP ID="SP_21112" HPOS="462" VPOS="412" WIDTH="24" HEIGHT="0" />
            <String ID="Word_23784" HPOS="486" VPOS="412" WIDTH="109" HEIGHT="32" CONTENT="Druse" />
            <SP ID="SP_21113" HPOS="595" VPOS="412" WIDTH="26" HEIGHT="0" />
            <String ID="Word_23785" HPOS="621" VPOS="415" WIDTH="51" HEIGHT="31" CONTENT="bis" />
            <SP ID="SP_21114" HPOS="672" VPOS="415" WIDTH="28" HEIGHT="0" />
            <String ID="Word_23786" HPOS="700" VPOS="416" WIDTH="112" HEIGHT="30" CONTENT="hinter" />
            <SP ID="SP_21115" HPOS="812" VPOS="416" WIDTH="25" HEIGHT="0" />
            <String ID="Word_23787" HPOS="837" VPOS="418" WIDTH="65" HEIGHT="30" CONTENT="den" />
            <SP ID="SP_21116" HPOS="902" VPOS="418" WIDTH="28" HEIGHT="0" />
            <String ID="Word_23788" HPOS="930" VPOS="418" WIDTH="353" HEIGHT="35" CONTENT="Unterkielerwinkel." />
            <SP ID="SP_21117" HPOS="1283" VPOS="418" WIDTH="48" HEIGHT="0" />
            <String ID="Word_23789" HPOS="1331" VPOS="426" WIDTH="41" HEIGHT="29" CONTENT="Es" />
            <SP ID="SP_21118" HPOS="1372" VPOS="426" WIDTH="31" HEIGHT="0" />
            <String ID="Word_23790" HPOS="1403" VPOS="427" WIDTH="158" HEIGHT="30" CONTENT="entstand" />
            <SP ID="SP_21119" HPOS="1561" VPOS="427" WIDTH="30" HEIGHT="0" />
            <String ID="Word_23791" HPOS="1591" VPOS="438" WIDTH="67" HEIGHT="21" CONTENT="nun" />
            <SP ID="SP_21120" HPOS="1658" VPOS="431" WIDTH="32" HEIGHT="0" />
            <String ID="Word_23792" HPOS="1690" VPOS="432" WIDTH="53" HEIGHT="28" CONTENT="ein" />
            <SP ID="SP_21121" HPOS="1743" VPOS="431" WIDTH="25" HEIGHT="0" />
            <String ID="Word_23793" HPOS="1768" VPOS="433" WIDTH="78" HEIGHT="29" CONTENT="sehr" />
          </TextLine>
          <TextLine ID="TextLine_2677" HPOS="239" VPOS="455" WIDTH="1605" HEIGHT="52">
            <String ID="Word_23794" HPOS="239" VPOS="463" WIDTH="138" HEIGHT="31" CONTENT="grosser" />
            <SP ID="SP_21122" HPOS="377" VPOS="455" WIDTH="23" HEIGHT="0" />
            <String ID="Word_23795" HPOS="400" VPOS="455" WIDTH="312" HEIGHT="35" CONTENT="Substanzverlust." />
            <SP ID="SP_21123" HPOS="712" VPOS="455" WIDTH="45" HEIGHT="0" />
            <String ID="Word_23796" HPOS="757" VPOS="460" WIDTH="19" HEIGHT="31" CONTENT="8" />
            <SP ID="SP_21124" HPOS="776" VPOS="460" WIDTH="25" HEIGHT="0" />
            <String ID="Word_23797" HPOS="801" VPOS="460" WIDTH="92" HEIGHT="40" CONTENT="Tage" />
            <SP ID="SP_21125" HPOS="893" VPOS="460" WIDTH="25" HEIGHT="0" />
            <String ID="Word_23798" HPOS="918" VPOS="462" WIDTH="83" HEIGHT="29" CONTENT="nach" />
            <SP ID="SP_21126" HPOS="1001" VPOS="462" WIDTH="28" HEIGHT="0" />
            <String ID="Word_23799" HPOS="1029" VPOS="462" WIDTH="129" HEIGHT="39" CONTENT="Beginn" />
            <SP ID="SP_21127" HPOS="1158" VPOS="462" WIDTH="32" HEIGHT="0" />
            <String ID="Word_23800" HPOS="1190" VPOS="464" WIDTH="59" HEIGHT="30" CONTENT="des" />
            <SP ID="SP_21128" HPOS="1249" VPOS="464" WIDTH="24" HEIGHT="0" />
            <String ID="Word_23801" HPOS="1273" VPOS="466" WIDTH="304" HEIGHT="41" CONTENT="Hospitalbrandes" />
            <SP ID="SP_21129" HPOS="1577" VPOS="466" WIDTH="26" HEIGHT="0" />
            <String ID="Word_23802" HPOS="1603" VPOS="481" WIDTH="69" HEIGHT="20" CONTENT="war" />
            <SP ID="SP_21130" HPOS="1672" VPOS="473" WIDTH="28" HEIGHT="0" />
            <String ID="Word_23803" HPOS="1700" VPOS="473" WIDTH="59" HEIGHT="30" CONTENT="das" />
            <SP ID="SP_21131" HPOS="1759" VPOS="473" WIDTH="25" HEIGHT="0" />
            <String ID="Word_23804" HPOS="1784" VPOS="474" WIDTH="60" HEIGHT="31" CONTENT="Ge-" />
          </TextLine>
          <TextLine ID="TextLine_2678" HPOS="238" VPOS="497" WIDTH="1605" HEIGHT="51">
            <String ID="Word_23805" HPOS="238" VPOS="497" WIDTH="136" HEIGHT="30" CONTENT="schwur" />
            <SP ID="SP_21132" HPOS="374" VPOS="497" WIDTH="25" HEIGHT="0" />
            <String ID="Word_23806" HPOS="399" VPOS="497" WIDTH="60" HEIGHT="37" CONTENT="2V2" />
            <SP ID="SP_21133" HPOS="459" VPOS="497" WIDTH="20" HEIGHT="0" />
            <String ID="Word_23807" HPOS="479" VPOS="499" WIDTH="73" HEIGHT="31" CONTENT="Zoll" />
            <SP ID="SP_21134" HPOS="552" VPOS="499" WIDTH="26" HEIGHT="0" />
            <String ID="Word_23808" HPOS="578" VPOS="501" WIDTH="81" HEIGHT="41" CONTENT="lang" />
            <SP ID="SP_21135" HPOS="659" VPOS="501" WIDTH="24" HEIGHT="0" />
            <String ID="Word_23809" HPOS="683" VPOS="502" WIDTH="70" HEIGHT="30" CONTENT="und" />
            <SP ID="SP_21136" HPOS="753" VPOS="501" WIDTH="25" HEIGHT="0" />
            <String ID="Word_23810" HPOS="778" VPOS="501" WIDTH="61" HEIGHT="41" CONTENT="2'/^" />
            <SP ID="SP_21137" HPOS="839" VPOS="501" WIDTH="19" HEIGHT="0" />
            <String ID="Word_23811" HPOS="858" VPOS="503" WIDTH="72" HEIGHT="30" CONTENT="Zoll" />
            <SP ID="SP_21138" HPOS="930" VPOS="503" WIDTH="21" HEIGHT="0" />
            <String ID="Word_23812" HPOS="951" VPOS="504" WIDTH="97" HEIGHT="32" CONTENT="breit." />
            <SP ID="SP_21139" HPOS="1048" VPOS="504" WIDTH="35" HEIGHT="0" />
            <String ID="Word_23813" HPOS="1083" VPOS="506" WIDTH="208" HEIGHT="32" CONTENT="Inzwischen" />
            <SP ID="SP_21140" HPOS="1291" VPOS="506" WIDTH="20" HEIGHT="0" />
            <String ID="Word_23814" HPOS="1311" VPOS="520" WIDTH="69" HEIGHT="20" CONTENT="war" />
            <SP ID="SP_21141" HPOS="1380" VPOS="513" WIDTH="23" HEIGHT="0" />
            <String ID="Word_23815" HPOS="1403" VPOS="513" WIDTH="75" HEIGHT="29" CONTENT="eine" />
            <SP ID="SP_21142" HPOS="1478" VPOS="513" WIDTH="16" HEIGHT="0" />
            <String ID="Word_23816" HPOS="1494" VPOS="513" WIDTH="122" HEIGHT="30" CONTENT="Parese" />
            <SP ID="SP_21143" HPOS="1616" VPOS="513" WIDTH="17" HEIGHT="0" />
            <String ID="Word_23817" HPOS="1633" VPOS="515" WIDTH="58" HEIGHT="29" CONTENT="der" />
            <SP ID="SP_21144" HPOS="1691" VPOS="515" WIDTH="16" HEIGHT="0" />
            <String ID="Word_23818" HPOS="1707" VPOS="522" WIDTH="136" HEIGHT="26" CONTENT="rechten" />
          </TextLine>
          <TextLine ID="TextLine_2679" HPOS="238" VPOS="540" WIDTH="1605" HEIGHT="51">
            <String ID="Word_23819" HPOS="238" VPOS="540" WIDTH="267" HEIGHT="33" CONTENT="Gesichtshallte" />
            <SP ID="SP_21145" HPOS="505" VPOS="540" WIDTH="31" HEIGHT="0" />
            <String ID="Word_23820" HPOS="536" VPOS="544" WIDTH="70" HEIGHT="30" CONTENT="und" />
            <SP ID="SP_21146" HPOS="606" VPOS="544" WIDTH="36" HEIGHT="0" />
            <String ID="Word_23821" HPOS="642" VPOS="545" WIDTH="40" HEIGHT="31" CONTENT="14" />
            <SP ID="SP_21147" HPOS="682" VPOS="545" WIDTH="31" HEIGHT="0" />
            <String ID="Word_23822" HPOS="713" VPOS="545" WIDTH="92" HEIGHT="40" CONTENT="Tage" />
            <SP ID="SP_21148" HPOS="805" VPOS="545" WIDTH="38" HEIGHT="0" />
            <String ID="Word_23823" HPOS="843" VPOS="546" WIDTH="86" HEIGHT="30" CONTENT="nach" />
            <SP ID="SP_21149" HPOS="929" VPOS="546" WIDTH="33" HEIGHT="0" />
            <String ID="Word_23824" HPOS="962" VPOS="546" WIDTH="130" HEIGHT="41" CONTENT="Beginn" />
            <SP ID="SP_21150" HPOS="1092" VPOS="546" WIDTH="34" HEIGHT="0" />
            <String ID="Word_23825" HPOS="1126" VPOS="549" WIDTH="58" HEIGHT="31" CONTENT="des" />
            <SP ID="SP_21151" HPOS="1184" VPOS="549" WIDTH="32" HEIGHT="0" />
            <String ID="Word_23826" HPOS="1216" VPOS="551" WIDTH="303" HEIGHT="40" CONTENT="Hospitalbrandes" />
            <SP ID="SP_21152" HPOS="1519" VPOS="551" WIDTH="34" HEIGHT="0" />
            <String ID="Word_23827" HPOS="1553" VPOS="557" WIDTH="103" HEIGHT="30" CONTENT="totale" />
            <SP ID="SP_21153" HPOS="1656" VPOS="557" WIDTH="33" HEIGHT="0" />
            <String ID="Word_23828" HPOS="1689" VPOS="558" WIDTH="154" HEIGHT="32" CONTENT="Facialis-" />
          </TextLine>
          <TextLine ID="TextLine_2680" HPOS="238" VPOS="583" WIDTH="1607" HEIGHT="58">
            <String ID="Word_23829" HPOS="238" VPOS="583" WIDTH="166" HEIGHT="42" CONTENT="lahmung" />
            <SP ID="SP_21154" HPOS="404" VPOS="583" WIDTH="33" HEIGHT="0" />
            <String ID="Word_23830" HPOS="437" VPOS="586" WIDTH="222" HEIGHT="41" CONTENT="eingetreten." />
            <SP ID="SP_21155" HPOS="659" VPOS="586" WIDTH="48" HEIGHT="0" />
            <String ID="Word_23831" HPOS="707" VPOS="588" WIDTH="68" HEIGHT="30" CONTENT="Das" />
            <SP ID="SP_21156" HPOS="775" VPOS="586" WIDTH="25" HEIGHT="0" />
            <String ID="Word_23832" HPOS="800" VPOS="586" WIDTH="186" HEIGHT="33" CONTENT="Geschwür" />
            <SP ID="SP_21157" HPOS="986" VPOS="586" WIDTH="23" HEIGHT="0" />
            <String ID="Word_23833" HPOS="1009" VPOS="594" WIDTH="230" HEIGHT="37" CONTENT="vergrösserte" />
            <SP ID="SP_21158" HPOS="1239" VPOS="594" WIDTH="32" HEIGHT="0" />
            <String ID="Word_23834" HPOS="1271" VPOS="595" WIDTH="70" HEIGHT="30" CONTENT="sich" />
            <SP ID="SP_21159" HPOS="1341" VPOS="595" WIDTH="34" HEIGHT="0" />
            <String ID="Word_23835" HPOS="1375" VPOS="598" WIDTH="121" HEIGHT="29" CONTENT="immer" />
            <SP ID="SP_21160" HPOS="1496" VPOS="598" WIDTH="30" HEIGHT="0" />
            <String ID="Word_23836" HPOS="1526" VPOS="599" WIDTH="95" HEIGHT="30" CONTENT="mehr" />
            <SP ID="SP_21161" HPOS="1621" VPOS="599" WIDTH="35" HEIGHT="0" />
            <String ID="Word_23837" HPOS="1656" VPOS="601" WIDTH="66" HEIGHT="29" CONTENT="und" />
            <SP ID="SP_21162" HPOS="1722" VPOS="601" WIDTH="35" HEIGHT="0" />
            <String ID="Word_23838" HPOS="1757" VPOS="602" WIDTH="88" HEIGHT="31" CONTENT="legte" />
          </TextLine>
          <TextLine ID="TextLine_2681" HPOS="238" VPOS="625" WIDTH="1596" HEIGHT="54">
            <String ID="Word_23839" HPOS="238" VPOS="625" WIDTH="133" HEIGHT="32" CONTENT="Carotis" />
            <SP ID="SP_21163" HPOS="371" VPOS="625" WIDTH="33" HEIGHT="0" />
            <String ID="Word_23840" HPOS="404" VPOS="637" WIDTH="122" HEIGHT="23" CONTENT="comm." />
            <SP ID="SP_21164" HPOS="526" VPOS="630" WIDTH="34" HEIGHT="0" />
            <String ID="Word_23841" HPOS="560" VPOS="630" WIDTH="71" HEIGHT="31" CONTENT="und" />
            <SP ID="SP_21165" HPOS="631" VPOS="629" WIDTH="25" HEIGHT="0" />
            <String ID="Word_23842" HPOS="656" VPOS="629" WIDTH="112" HEIGHT="41" CONTENT="jugul." />
            <SP ID="SP_21166" HPOS="768" VPOS="629" WIDTH="33" HEIGHT="0" />
            <String ID="Word_23843" HPOS="801" VPOS="633" WIDTH="136" HEIGHT="29" CONTENT="interna" />
            <SP ID="SP_21167" HPOS="937" VPOS="633" WIDTH="32" HEIGHT="0" />
            <String ID="Word_23844" HPOS="969" VPOS="634" WIDTH="33" HEIGHT="29" CONTENT="in" />
            <SP ID="SP_21168" HPOS="1002" VPOS="634" WIDTH="27" HEIGHT="0" />
            <String ID="Word_23845" HPOS="1029" VPOS="636" WIDTH="117" HEIGHT="28" CONTENT="weiter" />
            <SP ID="SP_21169" HPOS="1146" VPOS="636" WIDTH="23" HEIGHT="0" />
            <String ID="Word_23846" HPOS="1169" VPOS="637" WIDTH="214" HEIGHT="42" CONTENT="Entfernung" />
            <SP ID="SP_21170" HPOS="1383" VPOS="637" WIDTH="34" HEIGHT="0" />
            <String ID="Word_23847" HPOS="1417" VPOS="641" WIDTH="72" HEIGHT="30" CONTENT="frei." />
            <SP ID="SP_21171" HPOS="1489" VPOS="641" WIDTH="48" HEIGHT="0" />
            <String ID="Word_23848" HPOS="1537" VPOS="641" WIDTH="68" HEIGHT="30" CONTENT="Vor" />
            <SP ID="SP_21172" HPOS="1605" VPOS="641" WIDTH="31" HEIGHT="0" />
            <String ID="Word_23849" HPOS="1636" VPOS="642" WIDTH="75" HEIGHT="31" CONTENT="dem" />
            <SP ID="SP_21173" HPOS="1711" VPOS="642" WIDTH="30" HEIGHT="0" />
            <String ID="Word_23850" HPOS="1741" VPOS="644" WIDTH="93" HEIGHT="31" CONTENT="Tode" />
          </TextLine>
          <TextLine ID="TextLine_2682" HPOS="237" VPOS="670" WIDTH="1607" HEIGHT="53">
            <String ID="Word_23851" HPOS="237" VPOS="670" WIDTH="148" HEIGHT="30" CONTENT="welcher" />
            <SP ID="SP_21174" HPOS="385" VPOS="670" WIDTH="23" HEIGHT="0" />
            <String ID="Word_23852" HPOS="408" VPOS="672" WIDTH="46" HEIGHT="30" CONTENT="im" />
            <SP ID="SP_21175" HPOS="454" VPOS="671" WIDTH="20" HEIGHT="0" />
            <String ID="Word_23853" HPOS="474" VPOS="671" WIDTH="181" HEIGHT="42" CONTENT="CoUapsus" />
            <SP ID="SP_21176" HPOS="655" VPOS="671" WIDTH="24" HEIGHT="0" />
            <String ID="Word_23854" HPOS="679" VPOS="674" WIDTH="156" HEIGHT="40" CONTENT="erfolgte," />
            <SP ID="SP_21177" HPOS="835" VPOS="674" WIDTH="27" HEIGHT="0" />
            <String ID="Word_23855" HPOS="862" VPOS="675" WIDTH="92" HEIGHT="30" CONTENT="hatte" />
            <SP ID="SP_21178" HPOS="954" VPOS="675" WIDTH="24" HEIGHT="0" />
            <String ID="Word_23856" HPOS="978" VPOS="676" WIDTH="56" HEIGHT="31" CONTENT="die" />
            <SP ID="SP_21179" HPOS="1034" VPOS="676" WIDTH="16" HEIGHT="0" />
            <String ID="Word_23857" HPOS="1050" VPOS="677" WIDTH="220" HEIGHT="33" CONTENT="Brandhöhle" />
            <SP ID="SP_21180" HPOS="1270" VPOS="677" WIDTH="24" HEIGHT="0" />
            <String ID="Word_23858" HPOS="1294" VPOS="683" WIDTH="74" HEIGHT="29" CONTENT="eine" />
            <SP ID="SP_21181" HPOS="1368" VPOS="683" WIDTH="16" HEIGHT="0" />
            <String ID="Word_23859" HPOS="1384" VPOS="683" WIDTH="238" HEIGHT="40" CONTENT="Ausdehnung" />
            <SP ID="SP_21182" HPOS="1622" VPOS="683" WIDTH="20" HEIGHT="0" />
            <String ID="Word_23860" HPOS="1642" VPOS="694" WIDTH="64" HEIGHT="22" CONTENT="von" />
            <SP ID="SP_21183" HPOS="1706" VPOS="687" WIDTH="25" HEIGHT="0" />
            <String ID="Word_23861" HPOS="1731" VPOS="687" WIDTH="18" HEIGHT="31" CONTENT="5" />
            <SP ID="SP_21184" HPOS="1749" VPOS="687" WIDTH="23" HEIGHT="0" />
            <String ID="Word_23862" HPOS="1772" VPOS="687" WIDTH="72" HEIGHT="31" CONTENT="Zoll" />
          </TextLine>
          <TextLine ID="TextLine_2683" HPOS="239" VPOS="712" WIDTH="704" HEIGHT="46">
            <String ID="Word_23863" HPOS="239" VPOS="712" WIDTH="113" HEIGHT="40" CONTENT="Länge" />
            <SP ID="SP_21185" HPOS="352" VPOS="712" WIDTH="25" HEIGHT="0" />
            <String ID="Word_23864" HPOS="377" VPOS="715" WIDTH="70" HEIGHT="31" CONTENT="und" />
            <SP ID="SP_21186" HPOS="447" VPOS="714" WIDTH="23" HEIGHT="0" />
            <String ID="Word_23865" HPOS="470" VPOS="714" WIDTH="63" HEIGHT="34" CONTENT="4V2" />
            <SP ID="SP_21187" HPOS="533" VPOS="714" WIDTH="28" HEIGHT="0" />
            <String ID="Word_23866" HPOS="561" VPOS="716" WIDTH="73" HEIGHT="30" CONTENT="Zoll" />
            <SP ID="SP_21188" HPOS="634" VPOS="716" WIDTH="24" HEIGHT="0" />
            <String ID="Word_23867" HPOS="658" VPOS="716" WIDTH="115" HEIGHT="31" CONTENT="Breite" />
            <SP ID="SP_21189" HPOS="773" VPOS="716" WIDTH="25" HEIGHT="0" />
            <String ID="Word_23868" HPOS="798" VPOS="722" WIDTH="145" HEIGHT="27" CONTENT="erlangt." />
          </TextLine>
          <TextLine ID="TextLine_2684" HPOS="366" VPOS="790" WIDTH="1477" HEIGHT="66">
            <String ID="Word_23869" HPOS="366" VPOS="790" WIDTH="243" HEIGHT="53" CONTENT="Eindringen" />
            <SP ID="SP_21190" HPOS="609" VPOS="790" WIDTH="22" HEIGHT="0" />
            <String ID="Word_23870" HPOS="631" VPOS="793" WIDTH="66" HEIGHT="37" CONTENT="des" />
            <SP ID="SP_21191" HPOS="697" VPOS="791" WIDTH="16" HEIGHT="0" />
            <String ID="Word_23871" HPOS="713" VPOS="791" WIDTH="350" HEIGHT="52" CONTENT="Hospitalbrandes" />
            <SP ID="SP_21192" HPOS="1063" VPOS="791" WIDTH="21" HEIGHT="0" />
            <String ID="Word_23872" HPOS="1084" VPOS="795" WIDTH="39" HEIGHT="38" CONTENT="in" />
            <SP ID="SP_21193" HPOS="1123" VPOS="795" WIDTH="21" HEIGHT="0" />
            <String ID="Word_23873" HPOS="1144" VPOS="797" WIDTH="67" HEIGHT="38" CONTENT="das" />
            <SP ID="SP_21194" HPOS="1211" VPOS="797" WIDTH="17" HEIGHT="0" />
            <String ID="Word_23874" HPOS="1228" VPOS="797" WIDTH="144" HEIGHT="40" CONTENT="Geliirn" />
            <SP ID="SP_21195" HPOS="1372" VPOS="797" WIDTH="15" HEIGHT="0" />
            <String ID="Word_23875" HPOS="1387" VPOS="800" WIDTH="252" HEIGHT="40" CONTENT="beobachtete" />
            <SP ID="SP_21196" HPOS="1639" VPOS="800" WIDTH="15" HEIGHT="0" />
            <String ID="Word_23876" HPOS="1654" VPOS="803" WIDTH="189" HEIGHT="41" CONTENT="Marmy:" />
          </TextLine>
          <TextLine ID="TextLine_2685" HPOS="368" VPOS="877" WIDTH="1476" HEIGHT="50">
            <String ID="Word_23877" HPOS="368" VPOS="878" WIDTH="63" HEIGHT="30" CONTENT="Ein" />
            <SP ID="SP_21197" HPOS="431" VPOS="878" WIDTH="34" HEIGHT="0" />
            <String ID="Word_23878" HPOS="465" VPOS="879" WIDTH="35" HEIGHT="28" CONTENT="in" />
            <SP ID="SP_21198" HPOS="500" VPOS="877" WIDTH="32" HEIGHT="0" />
            <String ID="Word_23879" HPOS="532" VPOS="877" WIDTH="60" HEIGHT="31" CONTENT="der" />
            <SP ID="SP_21199" HPOS="592" VPOS="877" WIDTH="24" HEIGHT="0" />
            <String ID="Word_23880" HPOS="616" VPOS="878" WIDTH="96" HEIGHT="31" CONTENT="Krim" />
            <SP ID="SP_21200" HPOS="712" VPOS="878" WIDTH="26" HEIGHT="0" />
            <String ID="Word_23881" HPOS="738" VPOS="879" WIDTH="220" HEIGHT="40" CONTENT="Trepanirter" />
            <SP ID="SP_21201" HPOS="958" VPOS="879" WIDTH="32" HEIGHT="0" />
            <String ID="Word_23882" HPOS="990" VPOS="884" WIDTH="63" HEIGHT="28" CONTENT="mit" />
            <SP ID="SP_21202" HPOS="1053" VPOS="882" WIDTH="32" HEIGHT="0" />
            <String ID="Word_23883" HPOS="1085" VPOS="882" WIDTH="233" HEIGHT="42" CONTENT="linksseitiger" />
            <SP ID="SP_21203" HPOS="1318" VPOS="882" WIDTH="23" HEIGHT="0" />
            <String ID="Word_23884" HPOS="1341" VPOS="885" WIDTH="192" HEIGHT="42" CONTENT="Lähmung," />
            <SP ID="SP_21204" HPOS="1533" VPOS="885" WIDTH="31" HEIGHT="0" />
            <String ID="Word_23885" HPOS="1564" VPOS="888" WIDTH="144" HEIGHT="30" CONTENT="welcher" />
            <SP ID="SP_21205" HPOS="1708" VPOS="888" WIDTH="29" HEIGHT="0" />
            <String ID="Word_23886" HPOS="1737" VPOS="890" WIDTH="107" HEIGHT="30" CONTENT="durch" />
          </TextLine>
          <TextLine ID="TextLine_2686" HPOS="238" VPOS="920" WIDTH="1605" HEIGHT="51">
            <String ID="Word_23887" HPOS="238" VPOS="920" WIDTH="76" HEIGHT="30" CONTENT="eine" />
            <SP ID="SP_21206" HPOS="314" VPOS="920" WIDTH="33" HEIGHT="0" />
            <String ID="Word_23888" HPOS="347" VPOS="921" WIDTH="200" HEIGHT="40" CONTENT="rechtseitig" />
            <SP ID="SP_21207" HPOS="547" VPOS="921" WIDTH="31" HEIGHT="0" />
            <String ID="Word_23889" HPOS="578" VPOS="923" WIDTH="35" HEIGHT="28" CONTENT="in" />
            <SP ID="SP_21208" HPOS="613" VPOS="921" WIDTH="34" HEIGHT="0" />
            <String ID="Word_23890" HPOS="647" VPOS="921" WIDTH="66" HEIGHT="31" CONTENT="den" />
            <SP ID="SP_21209" HPOS="713" VPOS="921" WIDTH="34" HEIGHT="0" />
            <String ID="Word_23891" HPOS="747" VPOS="926" WIDTH="142" HEIGHT="27" CONTENT="unteren" />
            <SP ID="SP_21210" HPOS="889" VPOS="924" WIDTH="25" HEIGHT="0" />
            <String ID="Word_23892" HPOS="914" VPOS="924" WIDTH="100" HEIGHT="30" CONTENT="Theil" />
            <SP ID="SP_21211" HPOS="1014" VPOS="924" WIDTH="32" HEIGHT="0" />
            <String ID="Word_23893" HPOS="1046" VPOS="926" WIDTH="58" HEIGHT="29" CONTENT="des" />
            <SP ID="SP_21212" HPOS="1104" VPOS="925" WIDTH="24" HEIGHT="0" />
            <String ID="Word_23894" HPOS="1128" VPOS="925" WIDTH="162" HEIGHT="32" CONTENT="Schädels" />
            <SP ID="SP_21213" HPOS="1290" VPOS="925" WIDTH="33" HEIGHT="0" />
            <String ID="Word_23895" HPOS="1323" VPOS="929" WIDTH="276" HEIGHT="41" CONTENT="eingedrungene" />
            <SP ID="SP_21214" HPOS="1599" VPOS="929" WIDTH="31" HEIGHT="0" />
            <String ID="Word_23896" HPOS="1630" VPOS="931" WIDTH="107" HEIGHT="40" CONTENT="Kugel" />
            <SP ID="SP_21215" HPOS="1737" VPOS="931" WIDTH="32" HEIGHT="0" />
            <String ID="Word_23897" HPOS="1769" VPOS="935" WIDTH="74" HEIGHT="28" CONTENT="eine" />
          </TextLine>
          <TextLine ID="TextLine_2687" HPOS="234" VPOS="962" WIDTH="1609" HEIGHT="50">
            <String ID="Word_23898" HPOS="234" VPOS="962" WIDTH="347" HEIGHT="42" CONTENT="Schädeldepression" />
            <SP ID="SP_21216" HPOS="581" VPOS="962" WIDTH="19" HEIGHT="0" />
            <String ID="Word_23899" HPOS="600" VPOS="965" WIDTH="136" HEIGHT="30" CONTENT="erlitten" />
            <SP ID="SP_21217" HPOS="736" VPOS="965" WIDTH="17" HEIGHT="0" />
            <String ID="Word_23900" HPOS="753" VPOS="966" WIDTH="103" HEIGHT="39" CONTENT="hatte," />
            <SP ID="SP_21218" HPOS="856" VPOS="966" WIDTH="25" HEIGHT="0" />
            <String ID="Word_23901" HPOS="881" VPOS="967" WIDTH="124" HEIGHT="30" CONTENT="bekam" />
            <SP ID="SP_21219" HPOS="1005" VPOS="967" WIDTH="17" HEIGHT="0" />
            <String ID="Word_23902" HPOS="1022" VPOS="967" WIDTH="269" HEIGHT="41" CONTENT="Hospitalbrand" />
            <SP ID="SP_21220" HPOS="1291" VPOS="967" WIDTH="21" HEIGHT="0" />
            <String ID="Word_23903" HPOS="1312" VPOS="972" WIDTH="34" HEIGHT="28" CONTENT="in" />
            <SP ID="SP_21221" HPOS="1346" VPOS="971" WIDTH="18" HEIGHT="0" />
            <String ID="Word_23904" HPOS="1364" VPOS="971" WIDTH="54" HEIGHT="30" CONTENT="die" />
            <SP ID="SP_21222" HPOS="1418" VPOS="971" WIDTH="19" HEIGHT="0" />
            <String ID="Word_23905" HPOS="1437" VPOS="972" WIDTH="144" HEIGHT="40" CONTENT="Wunde," />
            <SP ID="SP_21223" HPOS="1581" VPOS="972" WIDTH="25" HEIGHT="0" />
            <String ID="Word_23906" HPOS="1606" VPOS="974" WIDTH="146" HEIGHT="30" CONTENT="welcher" />
            <SP ID="SP_21224" HPOS="1752" VPOS="974" WIDTH="17" HEIGHT="0" />
            <String ID="Word_23907" HPOS="1769" VPOS="977" WIDTH="74" HEIGHT="29" CONTENT="eine" />
          </TextLine>
          <TextLine ID="TextLine_2688" HPOS="234" VPOS="1005" WIDTH="1610" HEIGHT="50">
            <String ID="Word_23908" HPOS="234" VPOS="1005" WIDTH="367" HEIGHT="43" CONTENT="Fäulnisszerstörung" />
            <SP ID="SP_21225" HPOS="601" VPOS="1005" WIDTH="24" HEIGHT="0" />
            <String ID="Word_23909" HPOS="625" VPOS="1007" WIDTH="60" HEIGHT="31" CONTENT="der" />
            <SP ID="SP_21226" HPOS="685" VPOS="1007" WIDTH="17" HEIGHT="0" />
            <String ID="Word_23910" HPOS="702" VPOS="1009" WIDTH="250" HEIGHT="31" CONTENT="Hirnsubstanz" />
            <SP ID="SP_21227" HPOS="952" VPOS="1009" WIDTH="25" HEIGHT="0" />
            <String ID="Word_23911" HPOS="977" VPOS="1020" WIDTH="65" HEIGHT="21" CONTENT="von" />
            <SP ID="SP_21228" HPOS="1042" VPOS="1020" WIDTH="18" HEIGHT="0" />
            <String ID="Word_23912" HPOS="1060" VPOS="1021" WIDTH="137" HEIGHT="30" CONTENT="grosser" />
            <SP ID="SP_21229" HPOS="1197" VPOS="1013" WIDTH="16" HEIGHT="0" />
            <String ID="Word_23913" HPOS="1213" VPOS="1013" WIDTH="94" HEIGHT="31" CONTENT="Tiefe" />
            <SP ID="SP_21230" HPOS="1307" VPOS="1013" WIDTH="25" HEIGHT="0" />
            <String ID="Word_23914" HPOS="1332" VPOS="1015" WIDTH="176" HEIGHT="40" CONTENT="bewirkte," />
            <SP ID="SP_21231" HPOS="1508" VPOS="1015" WIDTH="27" HEIGHT="0" />
            <String ID="Word_23915" HPOS="1535" VPOS="1016" WIDTH="141" HEIGHT="31" CONTENT="beinahe" />
            <SP ID="SP_21232" HPOS="1676" VPOS="1016" WIDTH="25" HEIGHT="0" />
            <String ID="Word_23916" HPOS="1701" VPOS="1018" WIDTH="51" HEIGHT="30" CONTENT="bis" />
            <SP ID="SP_21233" HPOS="1752" VPOS="1018" WIDTH="17" HEIGHT="0" />
            <String ID="Word_23917" HPOS="1769" VPOS="1028" WIDTH="75" HEIGHT="21" CONTENT="zum" />
          </TextLine>
          <TextLine ID="TextLine_2689" HPOS="234" VPOS="1049" WIDTH="462" HEIGHT="34">
            <String ID="Word_23918" HPOS="234" VPOS="1049" WIDTH="140" HEIGHT="31" CONTENT="rechten" />
            <SP ID="SP_21234" HPOS="374" VPOS="1049" WIDTH="24" HEIGHT="0" />
            <String ID="Word_23919" HPOS="398" VPOS="1049" WIDTH="298" HEIGHT="34" CONTENT="Seitenventrikel." />
          </TextLine>
        </TextBlock>
        <TextBlock ID="TextBlock_227" HPOS="222" VPOS="1175" WIDTH="1630" HEIGHT="1860">
          <TextLine ID="TextLine_2690" HPOS="640" VPOS="1181" WIDTH="816" HEIGHT="46">
            <String ID="Word_23920" HPOS="640" VPOS="1190" WIDTH="48" HEIGHT="22" CONTENT="m." />
            <SP ID="SP_21235" HPOS="688" VPOS="1181" WIDTH="26" HEIGHT="0" />
            <String ID="Word_23921" HPOS="714" VPOS="1181" WIDTH="299" HEIGHT="41" CONTENT="Hospitalbraud" />
            <SP ID="SP_21236" HPOS="1013" VPOS="1181" WIDTH="25" HEIGHT="0" />
            <String ID="Word_23922" HPOS="1038" VPOS="1183" WIDTH="67" HEIGHT="31" CONTENT="auf" />
            <SP ID="SP_21237" HPOS="1105" VPOS="1182" WIDTH="22" HEIGHT="0" />
            <String ID="Word_23923" HPOS="1127" VPOS="1182" WIDTH="329" HEIGHT="45" CONTENT="Schleimhäuten.^" />
          </TextLine>
          <TextLine ID="TextLine_2691" HPOS="364" VPOS="1266" WIDTH="1476" HEIGHT="56">
            <String ID="Word_23924" HPOS="364" VPOS="1266" WIDTH="100" HEIGHT="39" CONTENT="Dass" />
            <SP ID="SP_21238" HPOS="464" VPOS="1266" WIDTH="32" HEIGHT="0" />
            <String ID="Word_23925" HPOS="496" VPOS="1268" WIDTH="67" HEIGHT="38" CONTENT="der" />
            <SP ID="SP_21239" HPOS="563" VPOS="1268" WIDTH="29" HEIGHT="0" />
            <String ID="Word_23926" HPOS="592" VPOS="1268" WIDTH="307" HEIGHT="51" CONTENT="Hospitalbrand" />
            <SP ID="SP_21240" HPOS="899" VPOS="1268" WIDTH="38" HEIGHT="0" />
            <String ID="Word_23927" HPOS="937" VPOS="1271" WIDTH="83" HEIGHT="38" CONTENT="sicli" />
            <SP ID="SP_21241" HPOS="1020" VPOS="1271" WIDTH="38" HEIGHT="0" />
            <String ID="Word_23928" HPOS="1058" VPOS="1272" WIDTH="70" HEIGHT="37" CONTENT="auf" />
            <SP ID="SP_21242" HPOS="1128" VPOS="1271" WIDTH="27" HEIGHT="0" />
            <String ID="Word_23929" HPOS="1155" VPOS="1271" WIDTH="315" HEIGHT="41" CONTENT="Schleimhäuten" />
            <SP ID="SP_21243" HPOS="1470" VPOS="1271" WIDTH="38" HEIGHT="0" />
            <String ID="Word_23930" HPOS="1508" VPOS="1275" WIDTH="187" HEIGHT="38" CONTENT="etabliren" />
            <SP ID="SP_21244" HPOS="1695" VPOS="1275" WIDTH="30" HEIGHT="0" />
            <String ID="Word_23931" HPOS="1725" VPOS="1276" WIDTH="115" HEIGHT="46" CONTENT="kann," />
          </TextLine>
          <TextLine ID="TextLine_2692" HPOS="234" VPOS="1322" WIDTH="1607" HEIGHT="56">
            <String ID="Word_23932" HPOS="234" VPOS="1334" WIDTH="115" HEIGHT="24" CONTENT="wenn" />
            <SP ID="SP_21245" HPOS="349" VPOS="1322" WIDTH="22" HEIGHT="0" />
            <String ID="Word_23933" HPOS="371" VPOS="1322" WIDTH="100" HEIGHT="37" CONTENT="auch" />
            <SP ID="SP_21246" HPOS="471" VPOS="1322" WIDTH="20" HEIGHT="0" />
            <String ID="Word_23934" HPOS="491" VPOS="1322" WIDTH="40" HEIGHT="38" CONTENT="in" />
            <SP ID="SP_21247" HPOS="531" VPOS="1322" WIDTH="22" HEIGHT="0" />
            <String ID="Word_23935" HPOS="553" VPOS="1322" WIDTH="174" HEIGHT="39" CONTENT="seltenen" />
            <SP ID="SP_21248" HPOS="727" VPOS="1322" WIDTH="21" HEIGHT="0" />
            <String ID="Word_23936" HPOS="748" VPOS="1323" WIDTH="148" HEIGHT="48" CONTENT="Fällen," />
            <SP ID="SP_21249" HPOS="896" VPOS="1323" WIDTH="31" HEIGHT="0" />
            <String ID="Word_23937" HPOS="927" VPOS="1325" WIDTH="120" HEIGHT="38" CONTENT="sahen" />
            <SP ID="SP_21250" HPOS="1047" VPOS="1325" WIDTH="22" HEIGHT="0" />
            <String ID="Word_23938" HPOS="1069" VPOS="1326" WIDTH="68" HEIGHT="37" CONTENT="wir" />
            <SP ID="SP_21251" HPOS="1137" VPOS="1326" WIDTH="20" HEIGHT="0" />
            <String ID="Word_23939" HPOS="1157" VPOS="1326" WIDTH="62" HEIGHT="38" CONTENT="bei" />
            <SP ID="SP_21252" HPOS="1219" VPOS="1326" WIDTH="20" HEIGHT="0" />
            <String ID="Word_23940" HPOS="1239" VPOS="1326" WIDTH="264" HEIGHT="39" CONTENT="Betrachtung" />
            <SP ID="SP_21253" HPOS="1503" VPOS="1326" WIDTH="21" HEIGHT="0" />
            <String ID="Word_23941" HPOS="1524" VPOS="1329" WIDTH="66" HEIGHT="36" CONTENT="der" />
            <SP ID="SP_21254" HPOS="1590" VPOS="1328" WIDTH="20" HEIGHT="0" />
            <String ID="Word_23942" HPOS="1610" VPOS="1328" WIDTH="231" HEIGHT="39" CONTENT="Infections-" />
          </TextLine>
          <TextLine ID="TextLine_2693" HPOS="232" VPOS="1376" WIDTH="1614" HEIGHT="49">
            <String ID="Word_23943" HPOS="232" VPOS="1376" WIDTH="157" HEIGHT="49" CONTENT="pforten" />
            <SP ID="SP_21255" HPOS="389" VPOS="1376" WIDTH="30" HEIGHT="0" />
            <String ID="Word_23944" HPOS="419" VPOS="1376" WIDTH="68" HEIGHT="38" CONTENT="der" />
            <SP ID="SP_21256" HPOS="487" VPOS="1376" WIDTH="20" HEIGHT="0" />
            <String ID="Word_23945" HPOS="507" VPOS="1376" WIDTH="222" HEIGHT="39" CONTENT="Krankheit" />
            <SP ID="SP_21257" HPOS="729" VPOS="1376" WIDTH="28" HEIGHT="0" />
            <String ID="Word_23946" HPOS="757" VPOS="1379" WIDTH="80" HEIGHT="36" CONTENT="und" />
            <SP ID="SP_21258" HPOS="837" VPOS="1379" WIDTH="28" HEIGHT="0" />
            <String ID="Word_23947" HPOS="865" VPOS="1384" WIDTH="157" HEIGHT="33" CONTENT="müssen" />
            <SP ID="SP_21259" HPOS="1022" VPOS="1379" WIDTH="28" HEIGHT="0" />
            <String ID="Word_23948" HPOS="1050" VPOS="1379" WIDTH="85" HEIGHT="38" CONTENT="hier" />
            <SP ID="SP_21260" HPOS="1135" VPOS="1379" WIDTH="30" HEIGHT="0" />
            <String ID="Word_23949" HPOS="1165" VPOS="1381" WIDTH="73" HEIGHT="37" CONTENT="den" />
            <SP ID="SP_21261" HPOS="1238" VPOS="1381" WIDTH="22" HEIGHT="0" />
            <String ID="Word_23950" HPOS="1260" VPOS="1381" WIDTH="163" HEIGHT="38" CONTENT="Verlauf" />
            <SP ID="SP_21262" HPOS="1423" VPOS="1381" WIDTH="27" HEIGHT="0" />
            <String ID="Word_23951" HPOS="1450" VPOS="1382" WIDTH="65" HEIGHT="37" CONTENT="des" />
            <SP ID="SP_21263" HPOS="1515" VPOS="1381" WIDTH="30" HEIGHT="0" />
            <String ID="Word_23952" HPOS="1545" VPOS="1381" WIDTH="203" HEIGHT="39" CONTENT="Processes" />
            <SP ID="SP_21264" HPOS="1748" VPOS="1381" WIDTH="30" HEIGHT="0" />
            <String ID="Word_23953" HPOS="1778" VPOS="1383" WIDTH="68" HEIGHT="37" CONTENT="auf" />
          </TextLine>
          <TextLine ID="TextLine_2694" HPOS="234" VPOS="1429" WIDTH="1607" HEIGHT="57">
            <String ID="Word_23954" HPOS="234" VPOS="1429" WIDTH="319" HEIGHT="39" CONTENT="Schleimhäuten" />
            <SP ID="SP_21265" HPOS="553" VPOS="1429" WIDTH="34" HEIGHT="0" />
            <String ID="Word_23955" HPOS="587" VPOS="1431" WIDTH="240" HEIGHT="39" CONTENT="betrachten." />
            <SP ID="SP_21266" HPOS="827" VPOS="1431" WIDTH="59" HEIGHT="0" />
            <String ID="Word_23956" HPOS="886" VPOS="1433" WIDTH="178" HEIGHT="38" CONTENT="Vielfach" />
            <SP ID="SP_21267" HPOS="1064" VPOS="1433" WIDTH="43" HEIGHT="0" />
            <String ID="Word_23957" HPOS="1107" VPOS="1434" WIDTH="84" HEIGHT="37" CONTENT="sind" />
            <SP ID="SP_21268" HPOS="1191" VPOS="1434" WIDTH="29" HEIGHT="0" />
            <String ID="Word_23958" HPOS="1220" VPOS="1434" WIDTH="106" HEIGHT="38" CONTENT="Fälle" />
            <SP ID="SP_21269" HPOS="1326" VPOS="1434" WIDTH="41" HEIGHT="0" />
            <String ID="Word_23959" HPOS="1367" VPOS="1449" WIDTH="76" HEIGHT="24" CONTENT="von" />
            <SP ID="SP_21270" HPOS="1443" VPOS="1435" WIDTH="37" HEIGHT="0" />
            <String ID="Word_23960" HPOS="1480" VPOS="1435" WIDTH="202" HEIGHT="51" CONTENT="häutigen," />
            <SP ID="SP_21271" HPOS="1682" VPOS="1435" WIDTH="46" HEIGHT="0" />
            <String ID="Word_23961" HPOS="1728" VPOS="1437" WIDTH="113" HEIGHT="49" CONTENT="diph-" />
          </TextLine>
          <TextLine ID="TextLine_2695" HPOS="232" VPOS="1484" WIDTH="1608" HEIGHT="53">
            <String ID="Word_23962" HPOS="232" VPOS="1484" WIDTH="365" HEIGHT="39" CONTENT="thei-itisähnlichen" />
            <SP ID="SP_21272" HPOS="597" VPOS="1484" WIDTH="29" HEIGHT="0" />
            <String ID="Word_23963" HPOS="626" VPOS="1485" WIDTH="316" HEIGHT="52" CONTENT="Erkrankungen" />
            <SP ID="SP_21273" HPOS="942" VPOS="1485" WIDTH="30" HEIGHT="0" />
            <String ID="Word_23964" HPOS="972" VPOS="1488" WIDTH="67" HEIGHT="37" CONTENT="der" />
            <SP ID="SP_21274" HPOS="1039" VPOS="1487" WIDTH="29" HEIGHT="0" />
            <String ID="Word_23965" HPOS="1068" VPOS="1487" WIDTH="181" HEIGHT="39" CONTENT="Mandeln" />
            <SP ID="SP_21275" HPOS="1249" VPOS="1487" WIDTH="31" HEIGHT="0" />
            <String ID="Word_23966" HPOS="1280" VPOS="1489" WIDTH="77" HEIGHT="37" CONTENT="und" />
            <SP ID="SP_21276" HPOS="1357" VPOS="1489" WIDTH="30" HEIGHT="0" />
            <String ID="Word_23967" HPOS="1387" VPOS="1489" WIDTH="65" HEIGHT="38" CONTENT="des" />
            <SP ID="SP_21277" HPOS="1452" VPOS="1488" WIDTH="26" HEIGHT="0" />
            <String ID="Word_23968" HPOS="1478" VPOS="1488" WIDTH="175" HEIGHT="39" CONTENT="Rachens" />
            <SP ID="SP_21278" HPOS="1653" VPOS="1488" WIDTH="30" HEIGHT="0" />
            <String ID="Word_23969" HPOS="1683" VPOS="1490" WIDTH="61" HEIGHT="37" CONTENT="bei" />
            <SP ID="SP_21279" HPOS="1744" VPOS="1490" WIDTH="30" HEIGHT="0" />
            <String ID="Word_23970" HPOS="1774" VPOS="1491" WIDTH="66" HEIGHT="37" CONTENT="be-" />
          </TextLine>
          <TextLine ID="TextLine_2696" HPOS="233" VPOS="1539" WIDTH="1609" HEIGHT="51">
            <String ID="Word_23971" HPOS="233" VPOS="1539" WIDTH="217" HEIGHT="38" CONTENT="stehenden" />
            <SP ID="SP_21280" HPOS="450" VPOS="1539" WIDTH="29" HEIGHT="0" />
            <String ID="Word_23972" HPOS="479" VPOS="1539" WIDTH="530" HEIGHT="51" CONTENT="Hospitalbrandepidemien" />
            <SP ID="SP_21281" HPOS="1009" VPOS="1539" WIDTH="37" HEIGHT="0" />
            <String ID="Word_23973" HPOS="1046" VPOS="1542" WIDTH="190" HEIGHT="38" CONTENT="berichtet" />
            <SP ID="SP_21282" HPOS="1236" VPOS="1542" WIDTH="42" HEIGHT="0" />
            <String ID="Word_23974" HPOS="1278" VPOS="1543" WIDTH="78" HEIGHT="37" CONTENT="und" />
            <SP ID="SP_21283" HPOS="1356" VPOS="1543" WIDTH="39" HEIGHT="0" />
            <String ID="Word_23975" HPOS="1395" VPOS="1543" WIDTH="124" HEIGHT="38" CONTENT="dieser" />
            <SP ID="SP_21284" HPOS="1519" VPOS="1543" WIDTH="27" HEIGHT="0" />
            <String ID="Word_23976" HPOS="1546" VPOS="1543" WIDTH="191" HEIGHT="38" CONTENT="Umstand" />
            <SP ID="SP_21285" HPOS="1737" VPOS="1543" WIDTH="38" HEIGHT="0" />
            <String ID="Word_23977" HPOS="1775" VPOS="1544" WIDTH="67" HEIGHT="38" CONTENT="hat" />
          </TextLine>
          <TextLine ID="TextLine_2697" HPOS="232" VPOS="1593" WIDTH="1608" HEIGHT="54">
            <String ID="Word_23978" HPOS="232" VPOS="1593" WIDTH="218" HEIGHT="39" CONTENT="zahlreiche" />
            <SP ID="SP_21286" HPOS="450" VPOS="1593" WIDTH="21" HEIGHT="0" />
            <String ID="Word_23979" HPOS="471" VPOS="1593" WIDTH="188" HEIGHT="48" CONTENT="Autoren," />
            <SP ID="SP_21287" HPOS="659" VPOS="1593" WIDTH="23" HEIGHT="0" />
            <String ID="Word_23980" HPOS="682" VPOS="1595" WIDTH="140" HEIGHT="37" CONTENT="zuletzt" />
            <SP ID="SP_21288" HPOS="822" VPOS="1595" WIDTH="20" HEIGHT="0" />
            <String ID="Word_23981" HPOS="842" VPOS="1595" WIDTH="146" HEIGHT="38" CONTENT="Heine" />
            <SP ID="SP_21289" HPOS="988" VPOS="1595" WIDTH="21" HEIGHT="0" />
            <String ID="Word_23982" HPOS="1009" VPOS="1609" WIDTH="46" HEIGHT="24" CONTENT="zu" />
            <SP ID="SP_21290" HPOS="1055" VPOS="1596" WIDTH="21" HEIGHT="0" />
            <String ID="Word_23983" HPOS="1076" VPOS="1596" WIDTH="68" HEIGHT="37" CONTENT="der" />
            <SP ID="SP_21291" HPOS="1144" VPOS="1595" WIDTH="15" HEIGHT="0" />
            <String ID="Word_23984" HPOS="1159" VPOS="1595" WIDTH="165" HEIGHT="39" CONTENT="Ansicht" />
            <SP ID="SP_21292" HPOS="1324" VPOS="1595" WIDTH="19" HEIGHT="0" />
            <String ID="Word_23985" HPOS="1343" VPOS="1597" WIDTH="169" HEIGHT="50" CONTENT="geführt," />
            <SP ID="SP_21293" HPOS="1512" VPOS="1597" WIDTH="23" HEIGHT="0" />
            <String ID="Word_23986" HPOS="1535" VPOS="1597" WIDTH="86" HEIGHT="38" CONTENT="dass" />
            <SP ID="SP_21294" HPOS="1621" VPOS="1597" WIDTH="20" HEIGHT="0" />
            <String ID="Word_23987" HPOS="1641" VPOS="1597" WIDTH="199" HEIGHT="50" CONTENT="Hospital-" />
          </TextLine>
          <TextLine ID="TextLine_2698" HPOS="232" VPOS="1647" WIDTH="1614" HEIGHT="51">
            <String ID="Word_23988" HPOS="232" VPOS="1648" WIDTH="125" HEIGHT="38" CONTENT="brand" />
            <SP ID="SP_21295" HPOS="357" VPOS="1648" WIDTH="28" HEIGHT="0" />
            <String ID="Word_23989" HPOS="385" VPOS="1648" WIDTH="79" HEIGHT="37" CONTENT="und" />
            <SP ID="SP_21296" HPOS="464" VPOS="1647" WIDTH="30" HEIGHT="0" />
            <String ID="Word_23990" HPOS="494" VPOS="1647" WIDTH="260" HEIGHT="51" CONTENT="Diphtheritis" />
            <SP ID="SP_21297" HPOS="754" VPOS="1647" WIDTH="31" HEIGHT="0" />
            <String ID="Word_23991" HPOS="785" VPOS="1649" WIDTH="62" HEIGHT="38" CONTENT="ein" />
            <SP ID="SP_21298" HPOS="847" VPOS="1649" WIDTH="28" HEIGHT="0" />
            <String ID="Word_23992" HPOS="875" VPOS="1649" WIDTH="236" HEIGHT="39" CONTENT="identischer" />
            <SP ID="SP_21299" HPOS="1111" VPOS="1649" WIDTH="29" HEIGHT="0" />
            <String ID="Word_23993" HPOS="1140" VPOS="1650" WIDTH="159" HEIGHT="38" CONTENT="Process" />
            <SP ID="SP_21300" HPOS="1299" VPOS="1650" WIDTH="38" HEIGHT="0" />
            <String ID="Word_23994" HPOS="1337" VPOS="1650" WIDTH="116" HEIGHT="38" CONTENT="seien." />
            <SP ID="SP_21301" HPOS="1453" VPOS="1650" WIDTH="58" HEIGHT="0" />
            <String ID="Word_23995" HPOS="1511" VPOS="1650" WIDTH="68" HEIGHT="38" CONTENT="Ich" />
            <SP ID="SP_21302" HPOS="1579" VPOS="1650" WIDTH="35" HEIGHT="0" />
            <String ID="Word_23996" HPOS="1614" VPOS="1651" WIDTH="125" HEIGHT="37" CONTENT="werde" />
            <SP ID="SP_21303" HPOS="1739" VPOS="1651" WIDTH="38" HEIGHT="0" />
            <String ID="Word_23997" HPOS="1777" VPOS="1651" WIDTH="69" HEIGHT="37" CONTENT="auf" />
          </TextLine>
          <TextLine ID="TextLine_2699" HPOS="233" VPOS="1701" WIDTH="1607" HEIGHT="53">
            <String ID="Word_23998" HPOS="233" VPOS="1702" WIDTH="103" HEIGHT="38" CONTENT="diese" />
            <SP ID="SP_21304" HPOS="336" VPOS="1701" WIDTH="35" HEIGHT="0" />
            <String ID="Word_23999" HPOS="371" VPOS="1701" WIDTH="127" HEIGHT="52" CONTENT="Frage" />
            <SP ID="SP_21305" HPOS="498" VPOS="1701" WIDTH="39" HEIGHT="0" />
            <String ID="Word_24000" HPOS="537" VPOS="1703" WIDTH="61" HEIGHT="37" CONTENT="bei" />
            <SP ID="SP_21306" HPOS="598" VPOS="1703" WIDTH="41" HEIGHT="0" />
            <String ID="Word_24001" HPOS="639" VPOS="1703" WIDTH="86" HEIGHT="38" CONTENT="dem" />
            <SP ID="SP_21307" HPOS="725" VPOS="1703" WIDTH="40" HEIGHT="0" />
            <String ID="Word_24002" HPOS="765" VPOS="1703" WIDTH="150" HEIGHT="50" CONTENT="Capitel" />
            <SP ID="SP_21308" HPOS="915" VPOS="1703" WIDTH="45" HEIGHT="0" />
            <String ID="Word_24003" HPOS="960" VPOS="1704" WIDTH="95" HEIGHT="37" CONTENT="über" />
            <SP ID="SP_21309" HPOS="1055" VPOS="1704" WIDTH="38" HEIGHT="0" />
            <String ID="Word_24004" HPOS="1093" VPOS="1705" WIDTH="66" HEIGHT="36" CONTENT="das" />
            <SP ID="SP_21310" HPOS="1159" VPOS="1704" WIDTH="41" HEIGHT="0" />
            <String ID="Word_24005" HPOS="1200" VPOS="1704" WIDTH="141" HEIGHT="38" CONTENT="Wesen" />
            <SP ID="SP_21311" HPOS="1341" VPOS="1704" WIDTH="48" HEIGHT="0" />
            <String ID="Word_24006" HPOS="1389" VPOS="1705" WIDTH="65" HEIGHT="37" CONTENT="des" />
            <SP ID="SP_21312" HPOS="1454" VPOS="1704" WIDTH="40" HEIGHT="0" />
            <String ID="Word_24007" HPOS="1494" VPOS="1704" WIDTH="346" HEIGHT="50" CONTENT="Hospitalbrändes" />
          </TextLine>
          <TextLine ID="TextLine_2700" HPOS="232" VPOS="1756" WIDTH="1607" HEIGHT="52">
            <String ID="Word_24008" HPOS="232" VPOS="1756" WIDTH="345" HEIGHT="39" CONTENT="zurückkommen." />
            <SP ID="SP_21313" HPOS="577" VPOS="1756" WIDTH="31" HEIGHT="0" />
            <String ID="Word_24009" HPOS="608" VPOS="1757" WIDTH="148" HEIGHT="38" CONTENT="Meiner" />
            <SP ID="SP_21314" HPOS="756" VPOS="1757" WIDTH="29" HEIGHT="0" />
            <String ID="Word_24010" HPOS="785" VPOS="1757" WIDTH="166" HEIGHT="38" CONTENT="Ansicht" />
            <SP ID="SP_21315" HPOS="951" VPOS="1757" WIDTH="37" HEIGHT="0" />
            <String ID="Word_24011" HPOS="988" VPOS="1757" WIDTH="100" HEIGHT="38" CONTENT="nach" />
            <SP ID="SP_21316" HPOS="1088" VPOS="1757" WIDTH="36" HEIGHT="0" />
            <String ID="Word_24012" HPOS="1124" VPOS="1758" WIDTH="97" HEIGHT="50" CONTENT="liegt" />
            <SP ID="SP_21317" HPOS="1221" VPOS="1758" WIDTH="32" HEIGHT="0" />
            <String ID="Word_24013" HPOS="1253" VPOS="1759" WIDTH="117" HEIGHT="49" CONTENT="jenen" />
            <SP ID="SP_21318" HPOS="1370" VPOS="1758" WIDTH="29" HEIGHT="0" />
            <String ID="Word_24014" HPOS="1399" VPOS="1758" WIDTH="134" HEIGHT="38" CONTENT="Fällen" />
            <SP ID="SP_21319" HPOS="1533" VPOS="1758" WIDTH="38" HEIGHT="0" />
            <String ID="Word_24015" HPOS="1571" VPOS="1758" WIDTH="83" HEIGHT="38" CONTENT="eine" />
            <SP ID="SP_21320" HPOS="1654" VPOS="1757" WIDTH="30" HEIGHT="0" />
            <String ID="Word_24016" HPOS="1684" VPOS="1757" WIDTH="155" HEIGHT="39" CONTENT="Combi-" />
          </TextLine>
          <TextLine ID="TextLine_2701" HPOS="231" VPOS="1811" WIDTH="1610" HEIGHT="51">
            <String ID="Word_24017" HPOS="231" VPOS="1811" WIDTH="137" HEIGHT="38" CONTENT="nation" />
            <SP ID="SP_21321" HPOS="368" VPOS="1811" WIDTH="29" HEIGHT="0" />
            <String ID="Word_24018" HPOS="397" VPOS="1824" WIDTH="75" HEIGHT="25" CONTENT="von" />
            <SP ID="SP_21322" HPOS="472" VPOS="1811" WIDTH="29" HEIGHT="0" />
            <String ID="Word_24019" HPOS="501" VPOS="1811" WIDTH="286" HEIGHT="38" CONTENT="Diphtheritis-" />
            <SP ID="SP_21323" HPOS="787" VPOS="1811" WIDTH="32" HEIGHT="0" />
            <String ID="Word_24020" HPOS="819" VPOS="1812" WIDTH="79" HEIGHT="37" CONTENT="und" />
            <SP ID="SP_21324" HPOS="898" VPOS="1811" WIDTH="31" HEIGHT="0" />
            <String ID="Word_24021" HPOS="929" VPOS="1811" WIDTH="521" HEIGHT="50" CONTENT="Hospitalbrandepidemien" />
            <SP ID="SP_21325" HPOS="1450" VPOS="1811" WIDTH="29" HEIGHT="0" />
            <String ID="Word_24022" HPOS="1479" VPOS="1825" WIDTH="46" HEIGHT="24" CONTENT="zu" />
            <SP ID="SP_21326" HPOS="1525" VPOS="1811" WIDTH="20" HEIGHT="0" />
            <String ID="Word_24023" HPOS="1545" VPOS="1811" WIDTH="167" HEIGHT="38" CONTENT="Grunde," />
            <SP ID="SP_21327" HPOS="1712" VPOS="1811" WIDTH="32" HEIGHT="0" />
            <String ID="Word_24024" HPOS="1744" VPOS="1811" WIDTH="97" HEIGHT="38" CONTENT="doch" />
          </TextLine>
          <TextLine ID="TextLine_2702" HPOS="230" VPOS="1865" WIDTH="1610" HEIGHT="51">
            <String ID="Word_24025" HPOS="230" VPOS="1865" WIDTH="153" HEIGHT="38" CONTENT="kommt" />
            <SP ID="SP_21328" HPOS="383" VPOS="1865" WIDTH="19" HEIGHT="0" />
            <String ID="Word_24026" HPOS="402" VPOS="1865" WIDTH="153" HEIGHT="38" CONTENT="wahrer" />
            <SP ID="SP_21329" HPOS="555" VPOS="1865" WIDTH="18" HEIGHT="0" />
            <String ID="Word_24027" HPOS="573" VPOS="1865" WIDTH="309" HEIGHT="38" CONTENT="Hospitalbrand" />
            <SP ID="SP_21330" HPOS="882" VPOS="1865" WIDTH="19" HEIGHT="0" />
            <String ID="Word_24028" HPOS="901" VPOS="1866" WIDTH="54" HEIGHT="37" CONTENT="im" />
            <SP ID="SP_21331" HPOS="955" VPOS="1866" WIDTH="21" HEIGHT="0" />
            <String ID="Word_24029" HPOS="976" VPOS="1866" WIDTH="156" HEIGHT="37" CONTENT="Rachen" />
            <SP ID="SP_21332" HPOS="1132" VPOS="1866" WIDTH="19" HEIGHT="0" />
            <String ID="Word_24030" HPOS="1151" VPOS="1867" WIDTH="77" HEIGHT="36" CONTENT="und" />
            <SP ID="SP_21333" HPOS="1228" VPOS="1866" WIDTH="27" HEIGHT="0" />
            <String ID="Word_24031" HPOS="1255" VPOS="1866" WIDTH="69" HEIGHT="37" CONTENT="auf" />
            <SP ID="SP_21334" HPOS="1324" VPOS="1866" WIDTH="17" HEIGHT="0" />
            <String ID="Word_24032" HPOS="1341" VPOS="1879" WIDTH="166" HEIGHT="24" CONTENT="anderen" />
            <SP ID="SP_21335" HPOS="1507" VPOS="1865" WIDTH="21" HEIGHT="0" />
            <String ID="Word_24033" HPOS="1528" VPOS="1865" WIDTH="312" HEIGHT="38" CONTENT="Schleimhäuten" />
          </TextLine>
          <TextLine ID="TextLine_2703" HPOS="230" VPOS="1919" WIDTH="1609" HEIGHT="52">
            <String ID="Word_24034" HPOS="230" VPOS="1933" WIDTH="80" HEIGHT="25" CONTENT="vor." />
            <SP ID="SP_21336" HPOS="310" VPOS="1919" WIDTH="59" HEIGHT="0" />
            <String ID="Word_24035" HPOS="369" VPOS="1919" WIDTH="87" HEIGHT="39" CONTENT="Nur" />
            <SP ID="SP_21337" HPOS="456" VPOS="1919" WIDTH="36" HEIGHT="0" />
            <String ID="Word_24036" HPOS="492" VPOS="1920" WIDTH="292" HEIGHT="51" CONTENT="letztgenannte" />
            <SP ID="SP_21338" HPOS="784" VPOS="1920" WIDTH="31" HEIGHT="0" />
            <String ID="Word_24037" HPOS="815" VPOS="1920" WIDTH="316" HEIGHT="38" CONTENT="Erkrankungen" />
            <SP ID="SP_21339" HPOS="1131" VPOS="1920" WIDTH="35" HEIGHT="0" />
            <String ID="Word_24038" HPOS="1166" VPOS="1921" WIDTH="181" HEIGHT="36" CONTENT="kommen" />
            <SP ID="SP_21340" HPOS="1347" VPOS="1920" WIDTH="36" HEIGHT="0" />
            <String ID="Word_24039" HPOS="1383" VPOS="1920" WIDTH="84" HEIGHT="37" CONTENT="hier" />
            <SP ID="SP_21341" HPOS="1467" VPOS="1920" WIDTH="34" HEIGHT="0" />
            <String ID="Word_24040" HPOS="1501" VPOS="1920" WIDTH="38" HEIGHT="37" CONTENT="in" />
            <SP ID="SP_21342" HPOS="1539" VPOS="1919" WIDTH="30" HEIGHT="0" />
            <String ID="Word_24041" HPOS="1569" VPOS="1919" WIDTH="136" HEIGHT="38" CONTENT="Frage." />
            <SP ID="SP_21343" HPOS="1705" VPOS="1919" WIDTH="57" HEIGHT="0" />
            <String ID="Word_24042" HPOS="1762" VPOS="1919" WIDTH="77" HEIGHT="37" CONTENT="Ein" />
          </TextLine>
          <TextLine ID="TextLine_2704" HPOS="230" VPOS="1973" WIDTH="1607" HEIGHT="39">
            <String ID="Word_24043" HPOS="230" VPOS="1987" WIDTH="78" HEIGHT="25" CONTENT="von" />
            <SP ID="SP_21344" HPOS="308" VPOS="1973" WIDTH="30" HEIGHT="0" />
            <String ID="Word_24044" HPOS="338" VPOS="1973" WIDTH="190" HEIGHT="39" CONTENT="Gerson" />
            <SP ID="SP_21345" HPOS="528" VPOS="1973" WIDTH="34" HEIGHT="0" />
            <String ID="Word_24045" HPOS="562" VPOS="1974" WIDTH="277" HEIGHT="38" CONTENT="beobachteter" />
            <SP ID="SP_21346" HPOS="839" VPOS="1974" WIDTH="29" HEIGHT="0" />
            <String ID="Word_24046" HPOS="868" VPOS="1974" WIDTH="86" HEIGHT="38" CONTENT="Fall" />
            <SP ID="SP_21347" HPOS="954" VPOS="1974" WIDTH="30" HEIGHT="0" />
            <String ID="Word_24047" HPOS="984" VPOS="1974" WIDTH="128" HEIGHT="38" CONTENT="dürfte" />
            <SP ID="SP_21348" HPOS="1112" VPOS="1974" WIDTH="35" HEIGHT="0" />
            <String ID="Word_24048" HPOS="1147" VPOS="1974" WIDTH="102" HEIGHT="38" CONTENT="wohl" />
            <SP ID="SP_21349" HPOS="1249" VPOS="1974" WIDTH="29" HEIGHT="0" />
            <String ID="Word_24049" HPOS="1278" VPOS="1974" WIDTH="276" HEIGHT="38" CONTENT="zweifelhafter" />
            <SP ID="SP_21350" HPOS="1554" VPOS="1973" WIDTH="29" HEIGHT="0" />
            <String ID="Word_24050" HPOS="1583" VPOS="1973" WIDTH="125" HEIGHT="38" CONTENT="Natur" />
            <SP ID="SP_21351" HPOS="1708" VPOS="1973" WIDTH="30" HEIGHT="0" />
            <String ID="Word_24051" HPOS="1738" VPOS="1973" WIDTH="99" HEIGHT="37" CONTENT="sein:" />
          </TextLine>
          <TextLine ID="TextLine_2705" HPOS="362" VPOS="2069" WIDTH="1478" HEIGHT="41">
            <String ID="Word_24052" HPOS="362" VPOS="2070" WIDTH="393" HEIGHT="39" CONTENT="Oberschenkelschuss," />
            <SP ID="SP_21352" HPOS="755" VPOS="2070" WIDTH="35" HEIGHT="0" />
            <String ID="Word_24053" HPOS="790" VPOS="2070" WIDTH="456" HEIGHT="40" CONTENT="Hospitalbrandinfection;" />
            <SP ID="SP_21353" HPOS="1246" VPOS="2069" WIDTH="35" HEIGHT="0" />
            <String ID="Word_24054" HPOS="1281" VPOS="2069" WIDTH="56" HEIGHT="31" CONTENT="bei" />
            <SP ID="SP_21354" HPOS="1337" VPOS="2069" WIDTH="35" HEIGHT="0" />
            <String ID="Word_24055" HPOS="1372" VPOS="2069" WIDTH="250" HEIGHT="30" CONTENT="zunehmender" />
            <SP ID="SP_21355" HPOS="1622" VPOS="2069" WIDTH="30" HEIGHT="0" />
            <String ID="Word_24056" HPOS="1652" VPOS="2069" WIDTH="188" HEIGHT="30" CONTENT="Krankheit" />
          </TextLine>
          <TextLine ID="TextLine_2706" HPOS="230" VPOS="2111" WIDTH="1609" HEIGHT="43">
            <String ID="Word_24057" HPOS="230" VPOS="2117" WIDTH="111" HEIGHT="28" CONTENT="treten" />
            <SP ID="SP_21356" HPOS="341" VPOS="2115" WIDTH="33" HEIGHT="0" />
            <String ID="Word_24058" HPOS="374" VPOS="2115" WIDTH="49" HEIGHT="30" CONTENT="im" />
            <SP ID="SP_21357" HPOS="423" VPOS="2114" WIDTH="24" HEIGHT="0" />
            <String ID="Word_24059" HPOS="447" VPOS="2114" WIDTH="154" HEIGHT="30" CONTENT="Rachen," />
            <SP ID="SP_21358" HPOS="601" VPOS="2114" WIDTH="36" HEIGHT="0" />
            <String ID="Word_24060" HPOS="637" VPOS="2123" WIDTH="54" HEIGHT="21" CONTENT="am" />
            <SP ID="SP_21359" HPOS="691" VPOS="2113" WIDTH="26" HEIGHT="0" />
            <String ID="Word_24061" HPOS="717" VPOS="2113" WIDTH="213" HEIGHT="31" CONTENT="Zahnfleisch" />
            <SP ID="SP_21360" HPOS="930" VPOS="2113" WIDTH="29" HEIGHT="0" />
            <String ID="Word_24062" HPOS="959" VPOS="2113" WIDTH="71" HEIGHT="30" CONTENT="und" />
            <SP ID="SP_21361" HPOS="1030" VPOS="2113" WIDTH="24" HEIGHT="0" />
            <String ID="Word_24063" HPOS="1054" VPOS="2123" WIDTH="42" HEIGHT="20" CONTENT="an" />
            <SP ID="SP_21362" HPOS="1096" VPOS="2113" WIDTH="25" HEIGHT="0" />
            <String ID="Word_24064" HPOS="1121" VPOS="2113" WIDTH="65" HEIGHT="30" CONTENT="den" />
            <SP ID="SP_21363" HPOS="1186" VPOS="2113" WIDTH="24" HEIGHT="0" />
            <String ID="Word_24065" HPOS="1210" VPOS="2113" WIDTH="128" HEIGHT="39" CONTENT="Lippen" />
            <SP ID="SP_21364" HPOS="1338" VPOS="2113" WIDTH="29" HEIGHT="0" />
            <String ID="Word_24066" HPOS="1367" VPOS="2121" WIDTH="219" HEIGHT="32" CONTENT="grau-weisse" />
            <SP ID="SP_21365" HPOS="1586" VPOS="2111" WIDTH="24" HEIGHT="0" />
            <String ID="Word_24067" HPOS="1610" VPOS="2111" WIDTH="140" HEIGHT="31" CONTENT="Schorfe" />
            <SP ID="SP_21366" HPOS="1750" VPOS="2111" WIDTH="24" HEIGHT="0" />
            <String ID="Word_24068" HPOS="1774" VPOS="2121" WIDTH="65" HEIGHT="21" CONTENT="wie" />
          </TextLine>
          <TextLine ID="TextLine_2707" HPOS="229" VPOS="2154" WIDTH="1609" HEIGHT="45">
            <String ID="Word_24069" HPOS="229" VPOS="2159" WIDTH="55" HEIGHT="30" CONTENT="bei" />
            <SP ID="SP_21367" HPOS="284" VPOS="2158" WIDTH="26" HEIGHT="0" />
            <String ID="Word_24070" HPOS="310" VPOS="2158" WIDTH="141" HEIGHT="41" CONTENT="Angina" />
            <SP ID="SP_21368" HPOS="451" VPOS="2158" WIDTH="22" HEIGHT="0" />
            <String ID="Word_24071" HPOS="473" VPOS="2166" WIDTH="239" HEIGHT="33" CONTENT="gangraenosa" />
            <SP ID="SP_21369" HPOS="712" VPOS="2158" WIDTH="24" HEIGHT="0" />
            <String ID="Word_24072" HPOS="736" VPOS="2158" WIDTH="68" HEIGHT="29" CONTENT="auf." />
            <SP ID="SP_21370" HPOS="804" VPOS="2156" WIDTH="40" HEIGHT="0" />
            <String ID="Word_24073" HPOS="844" VPOS="2156" WIDTH="69" HEIGHT="30" CONTENT="Der" />
            <SP ID="SP_21371" HPOS="913" VPOS="2156" WIDTH="24" HEIGHT="0" />
            <String ID="Word_24074" HPOS="937" VPOS="2157" WIDTH="157" HEIGHT="29" CONTENT="Umkreis" />
            <SP ID="SP_21372" HPOS="1094" VPOS="2156" WIDTH="25" HEIGHT="0" />
            <String ID="Word_24075" HPOS="1119" VPOS="2156" WIDTH="111" HEIGHT="30" CONTENT="dieser" />
            <SP ID="SP_21373" HPOS="1230" VPOS="2155" WIDTH="24" HEIGHT="0" />
            <String ID="Word_24076" HPOS="1254" VPOS="2155" WIDTH="128" HEIGHT="31" CONTENT="Stellen" />
            <SP ID="SP_21374" HPOS="1382" VPOS="2155" WIDTH="24" HEIGHT="0" />
            <String ID="Word_24077" HPOS="1406" VPOS="2165" WIDTH="70" HEIGHT="20" CONTENT="war" />
            <SP ID="SP_21375" HPOS="1476" VPOS="2155" WIDTH="23" HEIGHT="0" />
            <String ID="Word_24078" HPOS="1499" VPOS="2155" WIDTH="239" HEIGHT="41" CONTENT="geschwollen." />
            <SP ID="SP_21376" HPOS="1738" VPOS="2154" WIDTH="39" HEIGHT="0" />
            <String ID="Word_24079" HPOS="1777" VPOS="2154" WIDTH="61" HEIGHT="30" CONTENT="Zu-" />
          </TextLine>
          <TextLine ID="TextLine_2708" HPOS="230" VPOS="2198" WIDTH="1607" HEIGHT="45">
            <String ID="Word_24080" HPOS="230" VPOS="2202" WIDTH="112" HEIGHT="41" CONTENT="gleich" />
            <SP ID="SP_21377" HPOS="342" VPOS="2201" WIDTH="18" HEIGHT="0" />
            <String ID="Word_24081" HPOS="360" VPOS="2201" WIDTH="189" HEIGHT="31" CONTENT="schwollen" />
            <SP ID="SP_21378" HPOS="549" VPOS="2201" WIDTH="17" HEIGHT="0" />
            <String ID="Word_24082" HPOS="566" VPOS="2201" WIDTH="55" HEIGHT="30" CONTENT="die" />
            <SP ID="SP_21379" HPOS="621" VPOS="2201" WIDTH="17" HEIGHT="0" />
            <String ID="Word_24083" HPOS="638" VPOS="2201" WIDTH="183" HEIGHT="30" CONTENT="Ellbogen-" />
            <SP ID="SP_21380" HPOS="821" VPOS="2200" WIDTH="18" HEIGHT="0" />
            <String ID="Word_24084" HPOS="839" VPOS="2200" WIDTH="70" HEIGHT="31" CONTENT="und" />
            <SP ID="SP_21381" HPOS="909" VPOS="2199" WIDTH="18" HEIGHT="0" />
            <String ID="Word_24085" HPOS="927" VPOS="2199" WIDTH="243" HEIGHT="31" CONTENT="Handgelenke" />
            <SP ID="SP_21382" HPOS="1170" VPOS="2199" WIDTH="24" HEIGHT="0" />
            <String ID="Word_24086" HPOS="1194" VPOS="2199" WIDTH="69" HEIGHT="30" CONTENT="und" />
            <SP ID="SP_21383" HPOS="1263" VPOS="2199" WIDTH="18" HEIGHT="0" />
            <String ID="Word_24087" HPOS="1281" VPOS="2200" WIDTH="61" HEIGHT="28" CONTENT="auf" />
            <SP ID="SP_21384" HPOS="1342" VPOS="2198" WIDTH="13" HEIGHT="0" />
            <String ID="Word_24088" HPOS="1355" VPOS="2198" WIDTH="66" HEIGHT="31" CONTENT="den" />
            <SP ID="SP_21385" HPOS="1421" VPOS="2198" WIDTH="19" HEIGHT="0" />
            <String ID="Word_24089" HPOS="1440" VPOS="2198" WIDTH="247" HEIGHT="30" CONTENT="Vorderarmen" />
            <SP ID="SP_21386" HPOS="1687" VPOS="2198" WIDTH="19" HEIGHT="0" />
            <String ID="Word_24090" HPOS="1706" VPOS="2201" WIDTH="131" HEIGHT="37" CONTENT="zeigten" />
          </TextLine>
          <TextLine ID="TextLine_2709" HPOS="231" VPOS="2240" WIDTH="1607" HEIGHT="43">
            <String ID="Word_24091" HPOS="231" VPOS="2246" WIDTH="71" HEIGHT="30" CONTENT="sich" />
            <SP ID="SP_21387" HPOS="302" VPOS="2245" WIDTH="23" HEIGHT="0" />
            <String ID="Word_24092" HPOS="325" VPOS="2246" WIDTH="226" HEIGHT="30" CONTENT="roth-braune" />
            <SP ID="SP_21388" HPOS="551" VPOS="2244" WIDTH="16" HEIGHT="0" />
            <String ID="Word_24093" HPOS="567" VPOS="2244" WIDTH="133" HEIGHT="30" CONTENT="Flecke." />
            <SP ID="SP_21389" HPOS="700" VPOS="2244" WIDTH="40" HEIGHT="0" />
            <String ID="Word_24094" HPOS="740" VPOS="2244" WIDTH="93" HEIGHT="30" CONTENT="Nach" />
            <SP ID="SP_21390" HPOS="833" VPOS="2244" WIDTH="25" HEIGHT="0" />
            <String ID="Word_24095" HPOS="858" VPOS="2244" WIDTH="84" HEIGHT="32" CONTENT="5—6" />
            <SP ID="SP_21391" HPOS="942" VPOS="2243" WIDTH="17" HEIGHT="0" />
            <String ID="Word_24096" HPOS="959" VPOS="2243" WIDTH="116" HEIGHT="30" CONTENT="Tagen" />
            <SP ID="SP_21392" HPOS="1075" VPOS="2242" WIDTH="25" HEIGHT="0" />
            <String ID="Word_24097" HPOS="1100" VPOS="2242" WIDTH="181" HEIGHT="31" CONTENT="sonderten" />
            <SP ID="SP_21393" HPOS="1281" VPOS="2242" WIDTH="26" HEIGHT="0" />
            <String ID="Word_24098" HPOS="1307" VPOS="2242" WIDTH="69" HEIGHT="30" CONTENT="sich" />
            <SP ID="SP_21394" HPOS="1376" VPOS="2240" WIDTH="27" HEIGHT="0" />
            <String ID="Word_24099" HPOS="1403" VPOS="2240" WIDTH="53" HEIGHT="31" CONTENT="die" />
            <SP ID="SP_21395" HPOS="1456" VPOS="2240" WIDTH="25" HEIGHT="0" />
            <String ID="Word_24100" HPOS="1481" VPOS="2241" WIDTH="140" HEIGHT="31" CONTENT="Schorfe" />
            <SP ID="SP_21396" HPOS="1621" VPOS="2241" WIDTH="23" HEIGHT="0" />
            <String ID="Word_24101" HPOS="1644" VPOS="2243" WIDTH="48" HEIGHT="28" CONTENT="im" />
            <SP ID="SP_21397" HPOS="1692" VPOS="2241" WIDTH="22" HEIGHT="0" />
            <String ID="Word_24102" HPOS="1714" VPOS="2241" WIDTH="124" HEIGHT="30" CONTENT="Munde" />
          </TextLine>
          <TextLine ID="TextLine_2710" HPOS="230" VPOS="2289" WIDTH="374" HEIGHT="40">
            <String ID="Word_24103" HPOS="230" VPOS="2289" WIDTH="54" HEIGHT="31" CONTENT="ab." />
            <SP ID="SP_21398" HPOS="284" VPOS="2289" WIDTH="15" HEIGHT="0" />
            <String ID="Word_24104" HPOS="331" VPOS="2290" WIDTH="135" HEIGHT="29" CONTENT="Patient" />
            <SP ID="SP_21399" HPOS="466" VPOS="2290" WIDTH="23" HEIGHT="0" />
            <String ID="Word_24105" HPOS="489" VPOS="2297" WIDTH="115" HEIGHT="32" CONTENT="genas." />
          </TextLine>
          <TextLine ID="TextLine_2711" HPOS="360" VPOS="2380" WIDTH="1477" HEIGHT="49">
            <String ID="Word_24106" HPOS="360" VPOS="2386" WIDTH="134" HEIGHT="38" CONTENT="Etwas" />
            <SP ID="SP_21400" HPOS="494" VPOS="2384" WIDTH="20" HEIGHT="0" />
            <String ID="Word_24107" HPOS="514" VPOS="2384" WIDTH="368" HEIGHT="39" CONTENT="wahrscheinlicher" />
            <SP ID="SP_21401" HPOS="882" VPOS="2384" WIDTH="18" HEIGHT="0" />
            <String ID="Word_24108" HPOS="900" VPOS="2384" WIDTH="52" HEIGHT="38" CONTENT="ist" />
            <SP ID="SP_21402" HPOS="952" VPOS="2384" WIDTH="20" HEIGHT="0" />
            <String ID="Word_24109" HPOS="972" VPOS="2397" WIDTH="51" HEIGHT="25" CONTENT="es," />
            <SP ID="SP_21403" HPOS="1023" VPOS="2384" WIDTH="33" HEIGHT="0" />
            <String ID="Word_24110" HPOS="1056" VPOS="2384" WIDTH="86" HEIGHT="37" CONTENT="dass" />
            <SP ID="SP_21404" HPOS="1142" VPOS="2383" WIDTH="23" HEIGHT="0" />
            <String ID="Word_24111" HPOS="1165" VPOS="2383" WIDTH="59" HEIGHT="38" CONTENT="die" />
            <SP ID="SP_21405" HPOS="1224" VPOS="2382" WIDTH="21" HEIGHT="0" />
            <String ID="Word_24112" HPOS="1245" VPOS="2382" WIDTH="205" HEIGHT="45" CONTENT="AfFection," />
            <SP ID="SP_21406" HPOS="1450" VPOS="2381" WIDTH="30" HEIGHT="0" />
            <String ID="Word_24113" HPOS="1480" VPOS="2381" WIDTH="145" HEIGHT="38" CONTENT="welche" />
            <SP ID="SP_21407" HPOS="1625" VPOS="2381" WIDTH="20" HEIGHT="0" />
            <String ID="Word_24114" HPOS="1645" VPOS="2395" WIDTH="34" HEIGHT="23" CONTENT="v." />
            <SP ID="SP_21408" HPOS="1679" VPOS="2380" WIDTH="22" HEIGHT="0" />
            <String ID="Word_24115" HPOS="1701" VPOS="2380" WIDTH="136" HEIGHT="38" CONTENT="Pitha" />
          </TextLine>
          <TextLine ID="TextLine_2712" HPOS="230" VPOS="2434" WIDTH="1607" HEIGHT="55">
            <String ID="Word_24116" HPOS="230" VPOS="2442" WIDTH="71" HEIGHT="38" CONTENT="auf" />
            <SP ID="SP_21409" HPOS="301" VPOS="2441" WIDTH="27" HEIGHT="0" />
            <String ID="Word_24117" HPOS="328" VPOS="2441" WIDTH="67" HEIGHT="37" CONTENT="der" />
            <SP ID="SP_21410" HPOS="395" VPOS="2440" WIDTH="20" HEIGHT="0" />
            <String ID="Word_24118" HPOS="415" VPOS="2440" WIDTH="113" HEIGHT="38" CONTENT="Höhe" />
            <SP ID="SP_21411" HPOS="528" VPOS="2440" WIDTH="31" HEIGHT="0" />
            <String ID="Word_24119" HPOS="559" VPOS="2440" WIDTH="127" HEIGHT="38" CONTENT="seiner" />
            <SP ID="SP_21412" HPOS="686" VPOS="2438" WIDTH="19" HEIGHT="0" />
            <String ID="Word_24120" HPOS="705" VPOS="2438" WIDTH="204" HEIGHT="51" CONTENT="Epidemie" />
            <SP ID="SP_21413" HPOS="909" VPOS="2438" WIDTH="29" HEIGHT="0" />
            <String ID="Word_24121" HPOS="938" VPOS="2439" WIDTH="53" HEIGHT="37" CONTENT="im" />
            <SP ID="SP_21414" HPOS="991" VPOS="2437" WIDTH="20" HEIGHT="0" />
            <String ID="Word_24122" HPOS="1011" VPOS="2437" WIDTH="154" HEIGHT="39" CONTENT="Munde," />
            <SP ID="SP_21415" HPOS="1165" VPOS="2437" WIDTH="33" HEIGHT="0" />
            <String ID="Word_24123" HPOS="1198" VPOS="2451" WIDTH="62" HEIGHT="23" CONTENT="am" />
            <SP ID="SP_21416" HPOS="1260" VPOS="2435" WIDTH="29" HEIGHT="0" />
            <String ID="Word_24124" HPOS="1289" VPOS="2435" WIDTH="170" HEIGHT="39" CONTENT="weichen" />
            <SP ID="SP_21417" HPOS="1459" VPOS="2435" WIDTH="22" HEIGHT="0" />
            <String ID="Word_24125" HPOS="1481" VPOS="2435" WIDTH="183" HEIGHT="45" CONTENT="Gaumen," />
            <SP ID="SP_21418" HPOS="1664" VPOS="2435" WIDTH="31" HEIGHT="0" />
            <String ID="Word_24126" HPOS="1695" VPOS="2448" WIDTH="49" HEIGHT="24" CONTENT="an" />
            <SP ID="SP_21419" HPOS="1744" VPOS="2434" WIDTH="20" HEIGHT="0" />
            <String ID="Word_24127" HPOS="1764" VPOS="2434" WIDTH="73" HEIGHT="37" CONTENT="den" />
          </TextLine>
          <TextLine ID="TextLine_2713" HPOS="229" VPOS="2487" WIDTH="1608" HEIGHT="56">
            <String ID="Word_24128" HPOS="229" VPOS="2495" WIDTH="201" HEIGHT="39" CONTENT="Tonsillen" />
            <SP ID="SP_21420" HPOS="430" VPOS="2494" WIDTH="38" HEIGHT="0" />
            <String ID="Word_24129" HPOS="468" VPOS="2494" WIDTH="80" HEIGHT="38" CONTENT="und" />
            <SP ID="SP_21421" HPOS="548" VPOS="2494" WIDTH="35" HEIGHT="0" />
            <String ID="Word_24130" HPOS="583" VPOS="2495" WIDTH="68" HEIGHT="37" CONTENT="der" />
            <SP ID="SP_21422" HPOS="651" VPOS="2493" WIDTH="27" HEIGHT="0" />
            <String ID="Word_24131" HPOS="678" VPOS="2493" WIDTH="181" HEIGHT="38" CONTENT="hinteren" />
            <SP ID="SP_21423" HPOS="859" VPOS="2492" WIDTH="28" HEIGHT="0" />
            <String ID="Word_24132" HPOS="887" VPOS="2492" WIDTH="297" HEIGHT="51" CONTENT="Pharynxwand" />
            <SP ID="SP_21424" HPOS="1184" VPOS="2490" WIDTH="38" HEIGHT="0" />
            <String ID="Word_24133" HPOS="1222" VPOS="2490" WIDTH="268" HEIGHT="45" CONTENT="beobachtete," />
            <SP ID="SP_21425" HPOS="1490" VPOS="2487" WIDTH="42" HEIGHT="0" />
            <String ID="Word_24134" HPOS="1532" VPOS="2488" WIDTH="305" HEIGHT="50" CONTENT="Hospitalbrand" />
          </TextLine>
          <TextLine ID="TextLine_2714" HPOS="229" VPOS="2541" WIDTH="1606" HEIGHT="61">
            <String ID="Word_24135" HPOS="229" VPOS="2563" WIDTH="181" HEIGHT="39" CONTENT="gewesen" />
            <SP ID="SP_21426" HPOS="410" VPOS="2549" WIDTH="29" HEIGHT="0" />
            <String ID="Word_24136" HPOS="439" VPOS="2549" WIDTH="68" HEIGHT="38" CONTENT="sei." />
            <SP ID="SP_21427" HPOS="507" VPOS="2548" WIDTH="56" HEIGHT="0" />
            <String ID="Word_24137" HPOS="563" VPOS="2548" WIDTH="93" HEIGHT="46" CONTENT="„Die" />
            <SP ID="SP_21428" HPOS="656" VPOS="2547" WIDTH="21" HEIGHT="0" />
            <String ID="Word_24138" HPOS="677" VPOS="2547" WIDTH="196" HEIGHT="38" CONTENT="Affection" />
            <SP ID="SP_21429" HPOS="873" VPOS="2547" WIDTH="28" HEIGHT="0" />
            <String ID="Word_24139" HPOS="901" VPOS="2549" WIDTH="78" HEIGHT="35" CONTENT="trat" />
            <SP ID="SP_21430" HPOS="979" VPOS="2546" WIDTH="29" HEIGHT="0" />
            <String ID="Word_24140" HPOS="1008" VPOS="2546" WIDTH="83" HEIGHT="37" CONTENT="hier" />
            <SP ID="SP_21431" HPOS="1091" VPOS="2545" WIDTH="31" HEIGHT="0" />
            <String ID="Word_24141" HPOS="1122" VPOS="2545" WIDTH="54" HEIGHT="38" CONTENT="als" />
            <SP ID="SP_21432" HPOS="1176" VPOS="2545" WIDTH="31" HEIGHT="0" />
            <String ID="Word_24142" HPOS="1207" VPOS="2545" WIDTH="83" HEIGHT="37" CONTENT="eine" />
            <SP ID="SP_21433" HPOS="1290" VPOS="2544" WIDTH="32" HEIGHT="0" />
            <String ID="Word_24143" HPOS="1322" VPOS="2544" WIDTH="88" HEIGHT="38" CONTENT="sehr" />
            <SP ID="SP_21434" HPOS="1410" VPOS="2544" WIDTH="29" HEIGHT="0" />
            <String ID="Word_24144" HPOS="1439" VPOS="2545" WIDTH="109" HEIGHT="35" CONTENT="acute" />
            <SP ID="SP_21435" HPOS="1548" VPOS="2541" WIDTH="30" HEIGHT="0" />
            <String ID="Word_24145" HPOS="1578" VPOS="2541" WIDTH="257" HEIGHT="51" CONTENT="Diphtheritis" />
          </TextLine>
          <TextLine ID="TextLine_2715" HPOS="230" VPOS="2595" WIDTH="1606" HEIGHT="55">
            <String ID="Word_24146" HPOS="230" VPOS="2604" WIDTH="77" HEIGHT="38" CONTENT="auf," />
            <SP ID="SP_21436" HPOS="307" VPOS="2604" WIDTH="32" HEIGHT="0" />
            <String ID="Word_24147" HPOS="339" VPOS="2604" WIDTH="130" HEIGHT="37" CONTENT="indem" />
            <SP ID="SP_21437" HPOS="469" VPOS="2602" WIDTH="30" HEIGHT="0" />
            <String ID="Word_24148" HPOS="499" VPOS="2602" WIDTH="82" HEIGHT="38" CONTENT="sich" />
            <SP ID="SP_21438" HPOS="581" VPOS="2602" WIDTH="20" HEIGHT="0" />
            <String ID="Word_24149" HPOS="601" VPOS="2616" WIDTH="30" HEIGHT="23" CONTENT="z." />
            <SP ID="SP_21439" HPOS="631" VPOS="2601" WIDTH="22" HEIGHT="0" />
            <String ID="Word_24150" HPOS="653" VPOS="2601" WIDTH="46" HEIGHT="38" CONTENT="B." />
            <SP ID="SP_21440" HPOS="699" VPOS="2601" WIDTH="24" HEIGHT="0" />
            <String ID="Word_24151" HPOS="723" VPOS="2602" WIDTH="69" HEIGHT="36" CONTENT="auf" />
            <SP ID="SP_21441" HPOS="792" VPOS="2602" WIDTH="18" HEIGHT="0" />
            <String ID="Word_24152" HPOS="810" VPOS="2602" WIDTH="73" HEIGHT="37" CONTENT="den" />
            <SP ID="SP_21442" HPOS="883" VPOS="2600" WIDTH="21" HEIGHT="0" />
            <String ID="Word_24153" HPOS="904" VPOS="2600" WIDTH="183" HEIGHT="38" CONTENT="Mandeln" />
            <SP ID="SP_21443" HPOS="1087" VPOS="2598" WIDTH="20" HEIGHT="0" />
            <String ID="Word_24154" HPOS="1107" VPOS="2598" WIDTH="243" HEIGHT="52" CONTENT="grauweisse," />
            <SP ID="SP_21444" HPOS="1350" VPOS="2597" WIDTH="34" HEIGHT="0" />
            <String ID="Word_24155" HPOS="1384" VPOS="2597" WIDTH="109" HEIGHT="37" CONTENT="dicke" />
            <SP ID="SP_21445" HPOS="1493" VPOS="2595" WIDTH="20" HEIGHT="0" />
            <String ID="Word_24156" HPOS="1513" VPOS="2595" WIDTH="323" HEIGHT="50" CONTENT="Exsudatplatten" />
          </TextLine>
          <TextLine ID="TextLine_2716" HPOS="229" VPOS="2649" WIDTH="1606" HEIGHT="56">
            <String ID="Word_24157" HPOS="229" VPOS="2659" WIDTH="185" HEIGHT="39" CONTENT="bildeten," />
            <SP ID="SP_21446" HPOS="414" VPOS="2659" WIDTH="31" HEIGHT="0" />
            <String ID="Word_24158" HPOS="445" VPOS="2670" WIDTH="114" HEIGHT="24" CONTENT="unter" />
            <SP ID="SP_21447" HPOS="559" VPOS="2656" WIDTH="30" HEIGHT="0" />
            <String ID="Word_24159" HPOS="589" VPOS="2656" WIDTH="124" HEIGHT="37" CONTENT="denen" />
            <SP ID="SP_21448" HPOS="713" VPOS="2655" WIDTH="30" HEIGHT="0" />
            <String ID="Word_24160" HPOS="743" VPOS="2655" WIDTH="59" HEIGHT="38" CONTENT="die" />
            <SP ID="SP_21449" HPOS="802" VPOS="2654" WIDTH="32" HEIGHT="0" />
            <String ID="Word_24161" HPOS="834" VPOS="2654" WIDTH="143" HEIGHT="39" CONTENT="dunkel" />
            <SP ID="SP_21450" HPOS="977" VPOS="2654" WIDTH="20" HEIGHT="0" />
            <String ID="Word_24162" HPOS="997" VPOS="2654" WIDTH="203" HEIGHT="51" CONTENT="geröthete" />
            <SP ID="SP_21451" HPOS="1200" VPOS="2653" WIDTH="28" HEIGHT="0" />
            <String ID="Word_24163" HPOS="1228" VPOS="2653" WIDTH="78" HEIGHT="37" CONTENT="und" />
            <SP ID="SP_21452" HPOS="1306" VPOS="2651" WIDTH="29" HEIGHT="0" />
            <String ID="Word_24164" HPOS="1335" VPOS="2651" WIDTH="88" HEIGHT="37" CONTENT="sehr" />
            <SP ID="SP_21453" HPOS="1423" VPOS="2651" WIDTH="26" HEIGHT="0" />
            <String ID="Word_24165" HPOS="1449" VPOS="2652" WIDTH="87" HEIGHT="36" CONTENT="acut" />
            <SP ID="SP_21454" HPOS="1536" VPOS="2649" WIDTH="19" HEIGHT="0" />
            <String ID="Word_24166" HPOS="1555" VPOS="2662" WIDTH="280" HEIGHT="39" CONTENT="geschwollene" />
          </TextLine>
          <TextLine ID="TextLine_2717" HPOS="230" VPOS="2703" WIDTH="1605" HEIGHT="55">
            <String ID="Word_24167" HPOS="230" VPOS="2712" WIDTH="267" HEIGHT="40" CONTENT="Schleimhaut" />
            <SP ID="SP_21455" HPOS="497" VPOS="2709" WIDTH="29" HEIGHT="0" />
            <String ID="Word_24168" HPOS="526" VPOS="2723" WIDTH="148" HEIGHT="26" CONTENT="schnell" />
            <SP ID="SP_21456" HPOS="674" VPOS="2708" WIDTH="30" HEIGHT="0" />
            <String ID="Word_24169" HPOS="704" VPOS="2708" WIDTH="161" HEIGHT="50" CONTENT="(binnen" />
            <SP ID="SP_21457" HPOS="865" VPOS="2708" WIDTH="32" HEIGHT="0" />
            <String ID="Word_24170" HPOS="897" VPOS="2708" WIDTH="156" HEIGHT="38" CONTENT="12—24" />
            <SP ID="SP_21458" HPOS="1053" VPOS="2706" WIDTH="31" HEIGHT="0" />
            <String ID="Word_24171" HPOS="1084" VPOS="2706" WIDTH="188" HEIGHT="39" CONTENT="Stunden)" />
            <SP ID="SP_21459" HPOS="1272" VPOS="2706" WIDTH="31" HEIGHT="0" />
            <String ID="Word_24172" HPOS="1303" VPOS="2707" WIDTH="162" HEIGHT="35" CONTENT="zerstört" />
            <SP ID="SP_21460" HPOS="1465" VPOS="2704" WIDTH="28" HEIGHT="0" />
            <String ID="Word_24173" HPOS="1493" VPOS="2704" WIDTH="147" HEIGHT="45" CONTENT="wurde," />
            <SP ID="SP_21461" HPOS="1640" VPOS="2704" WIDTH="31" HEIGHT="0" />
            <String ID="Word_24174" HPOS="1671" VPOS="2716" WIDTH="41" HEIGHT="25" CONTENT="so" />
            <SP ID="SP_21462" HPOS="1712" VPOS="2703" WIDTH="37" HEIGHT="0" />
            <String ID="Word_24175" HPOS="1749" VPOS="2703" WIDTH="86" HEIGHT="37" CONTENT="dass" />
          </TextLine>
          <TextLine ID="TextLine_2718" HPOS="228" VPOS="2755" WIDTH="1606" HEIGHT="58">
            <String ID="Word_24176" HPOS="228" VPOS="2768" WIDTH="41" HEIGHT="38" CONTENT="in" />
            <SP ID="SP_21463" HPOS="269" VPOS="2768" WIDTH="41" HEIGHT="0" />
            <String ID="Word_24177" HPOS="310" VPOS="2768" WIDTH="68" HEIGHT="36" CONTENT="der" />
            <SP ID="SP_21464" HPOS="378" VPOS="2767" WIDTH="40" HEIGHT="0" />
            <String ID="Word_24178" HPOS="418" VPOS="2767" WIDTH="207" HEIGHT="36" CONTENT="kürzesten" />
            <SP ID="SP_21465" HPOS="625" VPOS="2763" WIDTH="41" HEIGHT="0" />
            <String ID="Word_24179" HPOS="666" VPOS="2763" WIDTH="86" HEIGHT="38" CONTENT="Zeit" />
            <SP ID="SP_21466" HPOS="752" VPOS="2763" WIDTH="39" HEIGHT="0" />
            <String ID="Word_24180" HPOS="791" VPOS="2776" WIDTH="135" HEIGHT="37" CONTENT="grosse" />
            <SP ID="SP_21467" HPOS="926" VPOS="2761" WIDTH="44" HEIGHT="0" />
            <String ID="Word_24181" HPOS="970" VPOS="2761" WIDTH="181" HEIGHT="51" CONTENT="speckige" />
            <SP ID="SP_21468" HPOS="1151" VPOS="2759" WIDTH="44" HEIGHT="0" />
            <String ID="Word_24182" HPOS="1195" VPOS="2759" WIDTH="229" HEIGHT="39" CONTENT="Geschwüre" />
            <SP ID="SP_21469" HPOS="1424" VPOS="2757" WIDTH="48" HEIGHT="0" />
            <String ID="Word_24183" HPOS="1472" VPOS="2761" WIDTH="71" HEIGHT="34" CONTENT="mit" />
            <SP ID="SP_21470" HPOS="1543" VPOS="2755" WIDTH="42" HEIGHT="0" />
            <String ID="Word_24184" HPOS="1585" VPOS="2755" WIDTH="249" HEIGHT="46" CONTENT="hochrothen," />
          </TextLine>
          <TextLine ID="TextLine_2719" HPOS="228" VPOS="2809" WIDTH="1603" HEIGHT="63">
            <String ID="Word_24185" HPOS="228" VPOS="2821" WIDTH="198" HEIGHT="51" CONTENT="zackigen," />
            <SP ID="SP_21471" HPOS="426" VPOS="2818" WIDTH="33" HEIGHT="0" />
            <String ID="Word_24186" HPOS="459" VPOS="2820" WIDTH="299" HEIGHT="38" CONTENT="unterminirten" />
            <SP ID="SP_21472" HPOS="758" VPOS="2817" WIDTH="21" HEIGHT="0" />
            <String ID="Word_24187" HPOS="779" VPOS="2817" WIDTH="182" HEIGHT="38" CONTENT="Rändern" />
            <SP ID="SP_21473" HPOS="961" VPOS="2815" WIDTH="22" HEIGHT="0" />
            <String ID="Word_24188" HPOS="983" VPOS="2815" WIDTH="241" HEIGHT="39" CONTENT="entstanden," />
            <SP ID="SP_21474" HPOS="1224" VPOS="2813" WIDTH="32" HEIGHT="0" />
            <String ID="Word_24189" HPOS="1256" VPOS="2814" WIDTH="92" HEIGHT="37" CONTENT="tiefe" />
            <SP ID="SP_21475" HPOS="1348" VPOS="2811" WIDTH="23" HEIGHT="0" />
            <String ID="Word_24190" HPOS="1371" VPOS="2811" WIDTH="197" HEIGHT="38" CONTENT="Cavernen" />
            <SP ID="SP_21476" HPOS="1568" VPOS="2809" WIDTH="20" HEIGHT="0" />
            <String ID="Word_24191" HPOS="1588" VPOS="2809" WIDTH="243" HEIGHT="45" CONTENT="darstellend," />
          </TextLine>
          <TextLine ID="TextLine_2720" HPOS="228" VPOS="2862" WIDTH="1606" HEIGHT="60">
            <String ID="Word_24192" HPOS="228" VPOS="2889" WIDTH="146" HEIGHT="25" CONTENT="welche" />
            <SP ID="SP_21477" HPOS="374" VPOS="2875" WIDTH="30" HEIGHT="0" />
            <String ID="Word_24193" HPOS="404" VPOS="2877" WIDTH="71" HEIGHT="35" CONTENT="mit" />
            <SP ID="SP_21478" HPOS="475" VPOS="2873" WIDTH="29" HEIGHT="0" />
            <String ID="Word_24194" HPOS="504" VPOS="2886" WIDTH="158" HEIGHT="25" CONTENT="rascher" />
            <SP ID="SP_21479" HPOS="662" VPOS="2871" WIDTH="19" HEIGHT="0" />
            <String ID="Word_24195" HPOS="681" VPOS="2871" WIDTH="241" HEIGHT="38" CONTENT="Zerstörung" />
            <SP ID="SP_21480" HPOS="922" VPOS="2871" WIDTH="29" HEIGHT="0" />
            <String ID="Word_24196" HPOS="951" VPOS="2871" WIDTH="65" HEIGHT="37" CONTENT="des" />
            <SP ID="SP_21481" HPOS="1016" VPOS="2869" WIDTH="30" HEIGHT="0" />
            <String ID="Word_24197" HPOS="1046" VPOS="2882" WIDTH="172" HEIGHT="25" CONTENT="weichen" />
            <SP ID="SP_21482" HPOS="1218" VPOS="2867" WIDTH="20" HEIGHT="0" />
            <String ID="Word_24198" HPOS="1238" VPOS="2867" WIDTH="192" HEIGHT="38" CONTENT="Gaumens" />
            <SP ID="SP_21483" HPOS="1430" VPOS="2866" WIDTH="29" HEIGHT="0" />
            <String ID="Word_24199" HPOS="1459" VPOS="2866" WIDTH="79" HEIGHT="37" CONTENT="und" />
            <SP ID="SP_21484" HPOS="1538" VPOS="2865" WIDTH="29" HEIGHT="0" />
            <String ID="Word_24200" HPOS="1567" VPOS="2865" WIDTH="66" HEIGHT="37" CONTENT="der" />
            <SP ID="SP_21485" HPOS="1633" VPOS="2862" WIDTH="19" HEIGHT="0" />
            <String ID="Word_24201" HPOS="1652" VPOS="2862" WIDTH="182" HEIGHT="39" CONTENT="Mandeln" />
          </TextLine>
          <TextLine ID="TextLine_2721" HPOS="230" VPOS="2915" WIDTH="1604" HEIGHT="59">
            <String ID="Word_24202" HPOS="230" VPOS="2930" WIDTH="176" HEIGHT="38" CONTENT="drohten." />
            <SP ID="SP_21486" HPOS="406" VPOS="2928" WIDTH="46" HEIGHT="0" />
            <String ID="Word_24203" HPOS="452" VPOS="2928" WIDTH="72" HEIGHT="38" CONTENT="Die" />
            <SP ID="SP_21487" HPOS="524" VPOS="2925" WIDTH="22" HEIGHT="0" />
            <String ID="Word_24204" HPOS="546" VPOS="2925" WIDTH="220" HEIGHT="40" CONTENT="Krankheit" />
            <SP ID="SP_21488" HPOS="766" VPOS="2925" WIDTH="19" HEIGHT="0" />
            <String ID="Word_24205" HPOS="785" VPOS="2927" WIDTH="79" HEIGHT="36" CONTENT="trat" />
            <SP ID="SP_21489" HPOS="864" VPOS="2923" WIDTH="19" HEIGHT="0" />
            <String ID="Word_24206" HPOS="883" VPOS="2923" WIDTH="183" HEIGHT="51" CONTENT="plötzlich" />
            <SP ID="SP_21490" HPOS="1066" VPOS="2923" WIDTH="20" HEIGHT="0" />
            <String ID="Word_24207" HPOS="1086" VPOS="2936" WIDTH="100" HEIGHT="25" CONTENT="ohne" />
            <SP ID="SP_21491" HPOS="1186" VPOS="2921" WIDTH="22" HEIGHT="0" />
            <String ID="Word_24208" HPOS="1208" VPOS="2921" WIDTH="73" HEIGHT="38" CONTENT="alle" />
            <SP ID="SP_21492" HPOS="1281" VPOS="2919" WIDTH="21" HEIGHT="0" />
            <String ID="Word_24209" HPOS="1302" VPOS="2919" WIDTH="290" HEIGHT="50" CONTENT="Veranlassung" />
            <SP ID="SP_21493" HPOS="1592" VPOS="2917" WIDTH="20" HEIGHT="0" />
            <String ID="Word_24210" HPOS="1612" VPOS="2917" WIDTH="76" HEIGHT="43" CONTENT="auf," />
            <SP ID="SP_21494" HPOS="1688" VPOS="2915" WIDTH="33" HEIGHT="0" />
            <String ID="Word_24211" HPOS="1721" VPOS="2918" WIDTH="113" HEIGHT="36" CONTENT="meist" />
          </TextLine>
          <TextLine ID="TextLine_2722" HPOS="228" VPOS="2970" WIDTH="1606" HEIGHT="59">
            <String ID="Word_24212" HPOS="228" VPOS="2984" WIDTH="96" HEIGHT="38" CONTENT="über" />
            <SP ID="SP_21495" HPOS="324" VPOS="2983" WIDTH="20" HEIGHT="0" />
            <String ID="Word_24213" HPOS="344" VPOS="2983" WIDTH="141" HEIGHT="38" CONTENT="Nacht," />
            <SP ID="SP_21496" HPOS="485" VPOS="2980" WIDTH="34" HEIGHT="0" />
            <String ID="Word_24214" HPOS="519" VPOS="2980" WIDTH="161" HEIGHT="40" CONTENT="dreimal" />
            <SP ID="SP_21497" HPOS="680" VPOS="2978" WIDTH="30" HEIGHT="0" />
            <String ID="Word_24215" HPOS="710" VPOS="2978" WIDTH="61" HEIGHT="39" CONTENT="bei" />
            <SP ID="SP_21498" HPOS="771" VPOS="2978" WIDTH="30" HEIGHT="0" />
            <String ID="Word_24216" HPOS="801" VPOS="2992" WIDTH="98" HEIGHT="37" CONTENT="ganz" />
            <SP ID="SP_21499" HPOS="899" VPOS="2978" WIDTH="29" HEIGHT="0" />
            <String ID="Word_24217" HPOS="928" VPOS="2990" WIDTH="210" HEIGHT="39" CONTENT="gesunden," />
            <SP ID="SP_21500" HPOS="1138" VPOS="2974" WIDTH="34" HEIGHT="0" />
            <String ID="Word_24218" HPOS="1172" VPOS="2974" WIDTH="158" HEIGHT="39" CONTENT="dreimal" />
            <SP ID="SP_21501" HPOS="1330" VPOS="2972" WIDTH="30" HEIGHT="0" />
            <String ID="Word_24219" HPOS="1360" VPOS="2972" WIDTH="60" HEIGHT="39" CONTENT="bei" />
            <SP ID="SP_21502" HPOS="1420" VPOS="2970" WIDTH="28" HEIGHT="0" />
            <String ID="Word_24220" HPOS="1448" VPOS="2970" WIDTH="386" HEIGHT="50" CONTENT="hospitalbrandigen" />
          </TextLine>
        </TextBlock>
      </PrintSpace>
    </Page>
  </Layout>
</alto>
