2107 3450
451 348 168 33 SPEECH
654 346 232 33 MEMORIES
920 346 59 34 OR
1011 346 182 40 IMAGES,
1227 347 92 32 ETC.

1626 336 86 42 243

61 526 108 42 Why
191 526 65 42 the
277 524 150 44 Speech
453 523 217 41 Memories
693 535 47 28 or
762 520 168 55 Images
946 534 74 28 are
1037 519 240 57 imprinted
1294 533 151 28 almost
1463 520 247 56 exclusively

81 598 155 42 within
254 597 65 42 the
340 595 184 44 Cortical
544 594 168 43 Centres
728 593 51 56 of
793 593 100 42 only
910 607 73 28 one
1001 593 51 56 of
1067 593 66 42 the
1153 591 195 44 Cerebral
1366 592 307 42 Hemispheres.

104 718 146 42 When
277 718 149 41 Broca,
450 714 45 44 in
522 715 129 48 1861,
674 713 237 57 published
935 713 69 43 his
1029 712 345 57 epoch-making
1403 717 305 39 observations

46 804 117 28 upon
188 795 85 36 two
297 803 119 28 cases
439 788 45 42 of
506 787 149 42 Motor
677 786 200 57 Aphasia
910 785 212 43 observed
1156 786 58 55 by
1238 784 92 44 him
1354 785 46 42 in
1425 785 75 43 the
1532 785 177 44 Bicetre

43 860 219 56 Hospital,
286 859 74 43 the
395 858 255 44 conclusion
686 862 98 38 that
816 857 125 43 these
974 871 305 29 observations
1313 856 185 57 pointed
1530 860 57 50 to,
1611 857 94 52 viz.,

44 932 96 42 that
163 932 74 43 the
261 931 201 43 function
486 931 47 42 of
552 930 233 44 articulate
809 930 158 43 speech
1001 930 36 43 is
1072 930 260 57 discharged
1364 929 60 44 by
1447 944 75 28 one
1555 930 47 42 of
1631 930 76 43 the

43 1004 190 42 cerebral
256 1004 315 56 hemispheres,
590 1008 78 37 not
687 1003 58 42 by
764 1003 74 42 the
862 1007 87 38 two
973 1002 149 58 acting
1145 1002 211 57 together,
1376 1016 87 29 was
1481 1002 226 57 naturally

41 1076 209 57 regarded
288 1077 58 56 by
384 1077 74 43 the
497 1076 245 57 profession
775 1081 108 37 with
918 1075 133 43 much
1084 1075 262 44 scepticism.
1411 1076 43 42 A
1486 1076 160 56 priori,
1670 1076 37 42 it

42 1149 174 43 seemed
247 1163 108 43 very
390 1148 272 57 improbable
696 1148 99 43 that
827 1148 75 43 the
933 1154 87 37 two
1053 1147 317 57 anatomically
1404 1148 303 43 symmetrical

43 1220 150 44 halves
217 1222 46 42 of
288 1221 74 43 the
385 1222 125 42 brain
533 1221 159 43 should
726 1222 52 42 be
814 1220 368 56 physiologically
1215 1235 46 28 so
1295 1221 331 56 asymmetrical
1659 1236 46 28 as

40 1296 45 39 to
107 1292 112 43 have
252 1307 25 28 a
311 1298 113 37 most
451 1292 243 57 important
726 1292 201 42 function
961 1291 259 57 discharged
1253 1292 58 56 by
1345 1306 82 29 one
1461 1292 93 43 side
1587 1293 117 43 only.

42 1365 43 42 It
109 1364 203 44 required
336 1364 73 43 the
432 1365 112 42 after
566 1365 259 42 experience
848 1365 47 41 of
915 1378 96 29 case
1034 1364 112 43 after
1173 1378 97 29 case
1303 1368 45 38 to
1382 1365 213 43 convince
1628 1365 77 43 the

42 1437 241 56 profession
307 1437 97 43 that
433 1437 75 43 the
541 1437 254 43 conclusion
819 1451 88 28 was
942 1435 136 43 really
1112 1436 100 42 well
1244 1436 229 57 grounded
1508 1451 56 28 on
1602 1437 102 43 fact.

40 1511 140 41 Broca
203 1509 190 43 himself,
415 1508 160 43 almost
598 1508 110 43 from
733 1508 75 43 the
831 1508 253 55 beginning,
1107 1508 160 43 looked
1299 1509 68 42 for
1399 1523 59 28 an
1491 1508 212 57 explana-

41 1582 92 42 tion
157 1582 47 42 of
223 1581 74 43 the
321 1586 214 51 apparent
557 1580 217 43 anomaly.
840 1580 55 42 So
919 1579 121 57 early
1063 1594 46 28 as
1142 1580 47 42 in
1226 1581 128 52 1863,
1378 1581 55 43 he
1467 1582 237 43 expressed

39 1652 74 43 the
138 1652 132 43 belief
303 1656 108 39 that,
434 1652 48 42 in
504 1667 25 27 a
553 1652 83 42 few
659 1666 95 28 rare
778 1665 132 39 cases,
933 1651 183 56 aphasia
1141 1651 146 43 would
1312 1652 53 43 be
1399 1652 138 43 found
1572 1657 45 38 to
1650 1654 55 43 be

37 1725 84 43 due
146 1729 43 39 to
213 1725 169 43 disease
405 1725 44 43 of
482 1724 75 44 the
580 1724 117 43 right
718 1725 119 42 third
860 1723 164 43 frontal
1058 1724 300 43 convolution.
1423 1725 71 43 He
1528 1740 177 40 says,—

37 1802 20 16 "
74 1798 90 42 The
200 1797 158 43 author
392 1796 94 44 still
518 1797 136 56 hopes
692 1796 98 43 that
828 1797 159 43 others,
1023 1811 119 29 more
1177 1797 152 57 happy
1366 1797 108 43 than
1512 1799 193 52 himself,

38 1868 91 43 will
152 1868 91 43 find
267 1874 46 37 at
334 1868 86 43 last
443 1883 57 28 an
530 1868 203 44 example
766 1869 47 42 of
842 1868 205 57 aphemia
1079 1868 224 56 produced
1337 1869 57 42 by
1428 1884 26 27 a
1485 1869 143 44 lesion
1661 1872 49 42 of

38 1941 76 43 the
136 1955 118 41 right
277 1940 289 57 hemisphere.
631 1941 212 43 Hitherto
867 1941 35 42 it
924 1941 79 43 has
1026 1941 166 57 always
1215 1942 111 42 been
1361 1942 75 43 the
1469 1943 82 43 left
1584 1944 121 43 third

39 2013 161 43 frontal
226 2013 96 43 that
344 2013 78 43 has
446 2014 109 42 been
581 2014 194 43 affected.
842 2014 45 42 If
906 2014 36 42 it
966 2028 113 29 were
1102 2028 233 43 necessary
1362 2020 44 38 to
1430 2016 142 42 admit
1605 2021 100 39 that

43 2085 74 42 the
142 2090 85 37 two
251 2085 300 56 symmetrical
576 2085 152 43 halves
752 2086 44 42 of
829 2085 75 43 the
927 2085 125 43 brain
1077 2085 112 43 have
1214 2086 205 44 different
1452 2089 254 53 attributes,

41 2157 36 42 it
102 2156 143 43 would
268 2157 53 43 be
353 2172 25 27 a
409 2157 215 43 veritable
657 2158 290 42 subornation
981 2158 45 42 of
1058 2172 81 28 our
1161 2159 276 43 convictions
1470 2160 48 42 in
1552 2162 153 55 physi-

41 2227 194 58 ology."1
296 2229 161 51 "When,
479 2229 46 42 in
553 2230 127 51 1865,
702 2229 55 43 he
785 2230 208 42 returned
1019 2235 43 37 to
1087 2230 74 43 the
1189 2231 324 43 consideration
1537 2234 48 41 of
1614 2233 91 43 this

40 2302 138 56 point,
202 2316 118 28 cases
343 2302 47 42 of
409 2302 179 57 aphasia
611 2302 83 44 due
722 2306 45 39 to
800 2302 140 43 lesion
973 2303 47 42 of
1050 2303 75 43 the
1158 2304 118 56 right
1307 2304 278 58 hemisphere
1618 2306 87 44 had

40 2373 178 56 already
256 2373 109 43 been
403 2373 250 57 published,
690 2373 100 54 and,
823 2388 46 29 as
904 2375 233 55 compared
1177 2375 109 43 with
1325 2376 74 43 the
1438 2378 188 43 number
1660 2379 46 43 of

40 2459 119 29 cases
181 2445 85 43 due
291 2451 43 37 to
357 2445 138 43 lesion
519 2446 48 43 of
585 2445 76 45 the
683 2446 82 43 left
788 2445 291 58 hemisphere,
1099 2446 87 44 had
1210 2448 111 43 been
1345 2448 140 43 found
1508 2454 44 38 to
1576 2464 130 30 occur

37 2517 47 42 in
108 2516 74 44 the
205 2518 255 56 proportion
479 2519 44 41 of
541 2519 134 42 about
697 2533 82 29 one
803 2522 45 39 to
870 2523 182 53 twenty.
1117 2520 151 42 Broca,
1293 2520 48 42 in
1364 2520 125 45 these
1517 2522 187 44 circum-

37 2594 183 47 stances,
252 2590 160 44 offered
448 2591 73 43 the
558 2591 287 57 explanation
880 2592 146 43 which
1060 2592 79 43 has
1175 2593 121 43 since
1332 2593 111 44 been
1476 2597 229 57 generally

38 2663 215 55 accepted.
318 2663 72 46 He
422 2664 182 56 pointed
636 2669 79 38 out
747 2665 109 53 that,
890 2665 66 42 for
989 2665 61 42 all
1085 2665 75 44 the
1196 2666 111 43 finer
1341 2668 363 42 manipulations,

39 2734 74 44 the
153 2735 203 57 majority
395 2737 48 42 of
481 2737 217 43 mankind
740 2752 73 29 are
852 2737 330 57 right-handed,
1221 2739 86 42 and
1347 2739 218 46 therefore
1604 2742 101 43 left-

41 2807 179 44 brained
239 2824 8 38 ;
279 2809 85 43 and
390 2810 52 43 he
466 2810 233 57 suggested
724 2811 97 43 that
844 2825 66 29 we
934 2826 73 29 are
1039 2811 217 58 probably
1289 2812 291 45 left-brained
1612 2815 92 43 also

43 2879 64 42 for
130 2880 73 44 the
226 2881 134 56 finely
385 2883 281 44 coordinated
700 2884 169 44 actions
903 2884 47 43 of
973 2884 170 57 speech.
1209 2885 71 43 He
1304 2887 321 55 says,—"Just
1657 2902 48 30 as

45 2965 64 28 we
131 2951 138 45 direct
298 2953 74 45 the
406 2962 275 37 movements
715 2957 47 43 of
790 2957 191 57 writing,
1015 2958 48 42 of
1091 2957 212 58 drawing,
1336 2959 49 42 of
1415 2960 290 52 embroidery,

44 3028 92 46 etc.,
160 3024 106 43 with
297 3025 74 44 the
403 3026 83 44 left
516 3027 292 58 hemisphere,
840 3043 48 30 so
923 3044 65 29 we
1023 3030 137 43 speak
1196 3031 109 42 with
1340 3032 76 43 the
1451 3032 83 43 left
1566 3033 139 43 hemi-

43 3094 187 56 sphere."
294 3097 54 47 In
372 3099 287 57 explanation
682 3102 44 42 of
760 3101 76 44 the
862 3102 91 43 fact
985 3101 99 44 that
1119 3117 47 29 so
1202 3108 124 52 great
1358 3119 25 28 a
1420 3105 209 43 majority
1661 3105 47 43 of

520 3224 12 24 1
559 3224 192 37 Mtfmoires
768 3226 31 36 cl?
806 3226 287 48 Anthrojwlogie,
1112 3238 35 36 p.
1169 3229 56 34 61.
