2107 3450
726 259 372 34 GRAPHIC-MOTOR
1133 259 205 34 APHASIA.

1779 248 86 44 357

206 388 147 39 centre
377 382 53 44 D,
453 384 85 42 and
562 383 35 42 it
620 383 135 42 alone.
820 381 42 42 A
884 380 140 44 single
1047 395 98 29 case
1168 382 47 41 of
1244 381 90 42 this
1369 381 109 42 kind
1503 381 144 41 would
1669 381 121 42 show
1815 395 50 27 us

205 456 225 43 definitely
456 456 45 41 in
526 455 118 42 what
677 455 154 55 degree
863 452 209 58 agraphia
1104 453 37 42 is
1175 452 221 56 produced
1431 452 56 56 by
1512 451 108 43 such
1649 466 25 28 a
1698 451 137 43 lesion
1858 467 7 37 ;

204 528 85 42 and
312 528 36 42 it
373 527 142 43 would
538 527 119 43 show
683 541 63 37 us,
770 540 234 27 moreover,
1030 524 195 43 whether
1248 524 74 42 the
1346 524 209 56 agraphia
1580 523 102 43 thus
1705 523 158 43 caused

202 600 37 43 is
263 599 227 57 displayed
514 599 102 42 only
645 613 126 27 when
795 597 73 43 the
894 597 171 56 patient
1086 601 212 38 attempts
1322 600 45 39 to
1389 601 120 37 write
1530 595 106 42 with
1657 596 73 42 the
1749 602 117 50 right

204 673 130 42 hand,
351 687 46 28 or
419 686 91 29 also
529 671 127 42 when
680 671 53 42 he
755 674 212 38 attempts
990 673 44 38 to
1055 669 122 43 write
1196 669 108 42 with
1323 669 74 42 the
1421 668 90 43 left.
1573 668 101 51 But,
1693 667 172 43 accord-

202 745 75 57 ing
312 749 44 38 to
391 742 236 58 Dejerine,1
662 758 54 27 no
749 742 140 44 single
923 756 98 29 case
1053 741 79 43 has
1164 745 77 52 yet
1268 741 108 44 been
1402 746 80 51 put
1504 755 118 42 upon
1646 740 152 43 record
1820 740 46 42 in

207 816 142 43 which
368 816 73 43 the
456 815 138 44 lesion
616 830 85 28 was
719 814 105 43 thus
842 814 174 43 strictly
1031 814 171 43 limited
1222 819 44 37 to
1285 814 75 43 the
1379 828 148 29 centre
1545 813 53 42 D.
1655 812 95 44 One
1769 827 97 29 case

204 889 75 42 has
298 888 157 43 indeed
475 888 108 43 been
601 892 81 51 put
705 901 116 43 upon
846 887 164 51 record,
1034 887 55 56 by
1107 886 240 43 Henschen
1366 886 45 42 of
1431 885 198 57 Upsala,2
1651 885 47 42 in
1721 885 144 42 which

204 960 108 43 such
335 976 25 27 a
390 960 174 43 limited
597 960 140 43 lesion
775 959 88 43 had
895 959 147 56 partly
1066 959 232 43 destroyed
1334 959 73 42 the
1441 964 149 37 centre
1614 958 69 53 D;
1718 958 80 42 but
1820 958 46 42 in

204 1031 97 43 that
323 1046 95 29 case
442 1032 122 42 there
588 1046 87 28 was
699 1031 103 43 also,
826 1031 44 43 in
905 1031 73 42 the
1012 1045 119 29 same
1164 1030 290 56 hemisphere,
1476 1029 185 43 another
1692 1029 175 43 limited

203 1104 151 42 lesion,
379 1104 144 42 which
547 1104 85 42 had
657 1103 244 57 destroyed,
926 1104 45 40 in
995 1103 89 42 like
1109 1118 194 27 manner,
1328 1102 74 43 the
1435 1107 148 38 centre
1617 1102 45 44 C.
1728 1103 53 41 In
1807 1102 60 42 all

204 1177 75 42 the
314 1176 125 44 other
475 1176 207 43 recorded
710 1190 119 29 cases
867 1176 45 41 in
940 1174 143 45 which
1119 1175 222 43 autopsies
1369 1175 112 42 have
1513 1175 112 42 been
1658 1174 140 43 made,
1830 1175 37 42 it

204 1264 183 41 appears
411 1249 97 43 that
530 1249 74 42 the
628 1249 139 42 lesion
791 1248 255 56 destroying
1073 1248 74 42 the
1180 1254 147 36 centre
1361 1248 42 41 D
1439 1247 85 42 had
1557 1246 91 43 also
1681 1247 186 43 affected

205 1322 75 42 the
303 1327 146 37 centre
473 1322 49 41 B,
545 1336 48 27 or
615 1321 124 43 other
763 1320 320 57 neighbouring
1106 1326 130 49 parts.
1301 1320 85 42 We
1415 1334 73 28 are
1520 1319 94 53 left,
1638 1320 229 49 therefore,

204 1399 43 36 to
273 1393 71 42 the
367 1393 204 42 doubtful
595 1393 207 42 evidence
825 1392 98 42 that
946 1392 78 42 has
1048 1393 108 41 been
1181 1391 230 43 furnished
1436 1392 56 42 by
1512 1405 120 29 cases
1654 1391 48 42 in
1722 1391 142 43 which

205 1465 121 42 there
359 1465 77 42 has
471 1465 108 43 been
614 1480 55 27 no
703 1479 198 41 autopsy.
966 1465 131 41 From
1130 1464 108 42 such
1267 1463 222 43 evidence,
1511 1463 38 43 it
1569 1463 38 43 is
1640 1464 104 55 only
1769 1478 98 42 per-

204 1536 194 43 missible
422 1537 65 42 for
510 1551 51 27 us
585 1542 43 36 to
660 1551 129 41 guess
814 1536 107 42 that,
958 1536 126 42 when
1108 1535 210 57 agraphia
1341 1535 136 43 exists
1509 1550 48 28 as
1590 1550 56 28 an
1681 1535 186 44 isolated

202 1613 220 51 symptom
459 1608 208 55 (without
699 1607 143 43 alexia
875 1622 46 27 or
953 1622 88 42 any
1075 1607 173 43 trouble
1282 1608 47 41 of
1358 1608 170 55 spoken
1560 1608 196 57 speech),
1790 1608 75 43 the

202 1680 136 43 lesion
380 1694 102 43 may
517 1680 199 56 possibly
749 1680 54 42 be
841 1679 195 43 situated
1069 1679 48 43 in
1151 1679 76 43 the
1260 1684 150 39 centre
1432 1680 54 43 T).
1555 1679 86 44 We
1674 1680 115 43 shall
1813 1681 53 43 be

201 1752 74 44 the
299 1767 118 28 more
441 1753 211 51 cautious,
675 1752 216 43 however,
913 1751 45 43 in
993 1752 175 57 coming
1200 1756 45 38 to
1278 1767 86 39 any
1393 1752 181 43 definite
1598 1753 268 49 conclusion,

200 1825 36 41 if
258 1840 62 28 we
343 1825 103 42 bear
468 1825 47 42 in
537 1825 124 42 mind
680 1824 119 43 what
822 1824 77 43 has
924 1825 110 42 been
1058 1825 182 55 pointed
1263 1833 79 35 out
1364 1825 58 56 by
1442 1825 426 52 Lichtheim,—that

201 1898 45 42 in
279 1903 141 37 motor
452 1913 48 27 or
532 1912 181 42 sensory
746 1897 181 43 aphasia
963 1897 105 42 with
1102 1897 222 57 agraphia,
1348 1898 128 43 when
1509 1913 206 41 recovery
1739 1898 127 44 takes

199 1971 135 56 place,
357 1971 75 42 the
456 1986 146 41 power
625 1971 45 42 of
702 1970 214 56 speaking
942 1969 38 43 is
1003 1969 165 57 always
1201 1970 194 43 restored
1429 1971 148 43 before
1610 1971 76 43 the
1718 1985 148 42 power

200 2044 44 41 of
267 2043 177 56 writing
461 2058 8 37 ;
502 2042 86 43 and
612 2042 96 43 that
730 2042 210 56 agraphia
965 2056 100 42 may
1082 2042 117 43 thus,
1221 2041 48 44 in
1292 2042 106 43 such
1424 2058 133 36 cases,
1574 2043 142 57 linger
1738 2058 47 28 as
1808 2059 57 27 an

200 2116 185 43 isolated
423 2120 206 39 remnant
666 2116 45 41 of
733 2129 54 28 an
819 2114 289 57 aphasia.due
1132 2119 44 38 to
1198 2114 154 53 lesion,
1374 2120 79 38 not
1484 2115 47 43 in
1555 2116 42 42 D
1621 2121 45 37 at
1689 2116 73 43 all,
1784 2116 82 43 but

198 2189 45 40 in
263 2187 43 42 A
323 2202 47 27 or
390 2187 47 42 B.
492 2186 209 43 Dejerine
718 2193 136 36 states
873 2190 97 38 that
992 2186 59 42 all
1070 2186 75 43 the
1163 2201 120 28 cases
1302 2187 46 42 of
1362 2187 264 56 apparently
1645 2202 109 41 pure
1777 2189 87 42 and

200 2259 355 56 uncomplicated
593 2259 208 56 agraphia
839 2263 98 38 that
974 2258 111 43 have
1125 2258 194 44 hitherto
1358 2260 111 43 been
1508 2265 82 51 put
1623 2274 54 28 on
1712 2261 151 43 record

199 2346 161 42 appear
397 2336 44 38 to
480 2331 54 43 be
573 2330 137 57 really
744 2345 119 29 cases
896 2331 47 43 of
974 2331 89 42 this
1102 2331 281 57 description.
1447 2333 83 43 Let
1564 2347 50 29 us
1649 2333 115 53 take,
1799 2334 65 43 for

199 2403 214 57 example,
437 2408 86 38 two
546 2404 47 41 of
613 2403 73 43 the
710 2403 97 43 best
829 2404 47 42 of
896 2403 134 53 them,
1055 2403 143 43 which
1223 2403 93 43 will
1349 2404 53 44 be
1436 2405 135 43 found
1601 2406 193 43 detailed
1816 2407 48 42 in

197 2492 26 28 a
260 2491 134 42 paper
430 2491 57 29 on
522 2475 90 44 this
648 2476 173 56 subject
859 2476 56 55 by
950 2476 202 53 Pitres;3
1185 2476 74 44 the
1294 2477 96 43 first
1422 2477 133 44 being
1587 2494 25 27 a
1644 2494 98 29 case
1766 2479 98 45 that

198 2548 205 44 occurred
441 2547 45 44 in
522 2548 74 43 the
635 2549 191 55 practice
865 2548 45 43 of
933 2548 114 43 Prof.
1073 2546 202 54 Charcot,
1302 2549 88 43 and
1418 2549 75 43 the
1521 2550 164 43 second
1708 2565 25 28 a
1766 2565 97 30 case

201 2626 96 38 that
319 2621 204 43 occurred
547 2619 45 45 in
618 2621 74 43 the
717 2621 180 43 writer's
920 2635 98 29 own
1043 2621 200 56 practice.

260 2767 119 43 Case
401 2767 34 42 I.
471 2766 132 57 (Prof.
630 2766 220 44 Charcot.)
903 2766 42 43 A
969 2767 190 43 Eussian
1178 2767 159 53 officer,
1351 2768 109 57 aged
1479 2769 67 42 52.
1613 2769 54 42 In
1685 2769 180 57 August

201 2840 127 51 1882,
351 2839 75 43 the
449 2840 159 56 fingers
631 2840 44 42 of
708 2839 68 43 his
810 2839 119 57 right
962 2839 118 43 hand
1114 2840 177 44 became
1319 2840 220 57 suddenly
1562 2841 232 44 enfeebled
1817 2858 47 27 so

199 2917 97 37 that
327 2910 55 44 he
416 2911 128 43 could
579 2917 77 37 not
688 2911 104 43 hold
815 2927 26 27 a
863 2926 113 42 pen;
1020 2912 82 43 but
1134 2912 90 43 this
1258 2913 164 55 paresis
1455 2927 106 29 soon
1595 2912 162 44 almost
1787 2929 76 28 en-

244 3018 13 23 1
284 3017 134 37 Compt.
441 3017 111 36 Rend,
572 3017 40 36 de
630 3018 73 36 Soc.
724 3018 41 35 de
782 3017 172 47 Biologie,
974 3017 91 37 30th
1086 3017 93 49 July
1200 3019 106 46 1891,
1325 3031 37 36 p.
1383 3021 58 35 99.

242 3079 15 23 2
283 3078 105 37 Klin,
412 3077 75 38 und
503 3078 113 36 Anat.
638 3078 167 37 Beitrage
822 3091 64 23 zur
900 3078 108 36 Path.
1031 3078 168 38 Gehirns,
1219 3079 125 37 Erster
1361 3080 87 36 Teil,
1464 3080 38 36 S.
1525 3081 80 35 173,
1621 3079 107 37 Tafel
1748 3090 112 29 XXXV.

242 3139 14 23 3
283 3139 116 37 Revue
417 3137 39 39 de
475 3138 195 46 Me'dicine,
693 3142 105 42 1884,
817 3151 35 36 p.
873 3142 71 33 »64
