2411 3372
364 953 64 38 Im
449 953 211 38 Zellkern
690 973 15 8 -
731 953 89 38 wie
841 953 82 38 ihn
944 953 99 38 hier
1065 955 74 37 die
1162 954 490 52 Mikrophotographie
1673 956 397 39 vieltausendfach
2092 968 95 27 ver-

363 1008 179 49 größert
574 1008 120 50 zeigt
724 1029 14 6 -
771 1007 111 51 liegt
914 1009 72 37 die
1012 1010 210 38 Antwort
1254 1011 78 36 auf
1364 1012 73 37 die
1464 1010 323 50 Rätselfragen
1818 1022 75 26 um
1925 1012 79 37 das
2030 1012 160 50 Erbgut

104 1152 136 44 Relico
308 1143 36 47 Л

110 1217 147 44 librai
268 1234 18 29 >
306 1226 34 53 у

247 1260 85 59 У
797 1262 288 55 Rätsel
1108 1279 137 39 um
1269 1266 147 53 das
1440 1265 312 64 Ertogut

207 1415 582 100 D'■
852 1469 8 9 .

317 1469 79 47 rei
429 1467 172 49 weiße
636 1466 292 64 Vogeleier
963 1467 177 64 liegen
1178 1467 125 51 dort
1339 1488 99 30 vor
1474 1471 105 47 mir
1612 1500 71 4 —
1717 1470 92 48 für
1848 1469 101 49 den
1986 1469 351 64 Unkundige«

209 1560 93 44 gar
337 1541 144 49 nicht
518 1539 269 51 allzusehr
822 1540 420 50 unterschieden
1277 1541 133 49 nach
1448 1541 185 51 Größe
1670 1542 114 49 und
1818 1542 181 49 Form.
2037 1542 122 50 Und
2195 1543 141 49 doch:

211 1616 95 48 wie
338 1613 350 50 verschieden
720 1614 120 49 sind
873 1613 83 50 die
988 1614 468 63 Vogelgestalten,
1491 1614 84 49 die
1609 1615 201 49 einmal
1845 1634 92 30 aus
1972 1614 182 51 diesen
2184 1615 154 48 Eiern

209 1686 106 49 sich
358 1686 322 49 entwickeln
721 1686 241 49 werden!
1006 1686 112 50 Aus
1164 1687 124 49 dem
1331 1690 162 47 einen
1534 1687 64 49 Ei
1642 1688 135 49 wird
1823 1690 120 46 eine
1987 1686 352 64 Ringeltaube

208 1758 303 63 schlüpfen,
559 1760 112 48 und
720 1760 88 48 ihr
856 1759 207 50 dunkel
1107 1758 298 51 lockender
1452 1759 113 50 Ruf
1615 1759 551 64 Gruh-ruh-grugruh
2212 1758 126 50 wird

211 1831 280 50 nächstens
518 1834 74 46 im
615 1831 265 64 Frühling
910 1831 163 50 durch
1102 1831 159 50 Wald
1285 1832 113 49 und
1423 1833 149 48 Park
1600 1832 303 63 erklingen.
1931 1831 134 50 Eine
2093 1831 244 50 Schleier¬

209 1903 120 50 eule
361 1904 137 48 wird
532 1924 91 29 aus
660 1904 121 49 dem
813 1907 228 46 zweiten
1073 1904 63 49 Ei
1168 1904 485 60 hervorkommen,
1690 1905 85 49 die
1809 1903 295 51 nächtliche
2138 1902 200 50 Mäuse-

206 1977 213 61 jägerin
462 1979 100 47 mit
607 1977 123 49 dem
773 1977 255 60 weichen,
1072 1977 331 50 wunderbar
1448 1978 117 49 fein
1611 1977 287 64 geperlten
1943 1975 251 50 Gefieder
2235 1974 105 49 und

212 2048 102 49 den
356 2049 203 63 großen
598 2048 384 65 Rätselaugen.
1019 2050 137 50 Eine
1195 2049 301 51 Blauracke
1537 2070 94 44 gar
1670 2051 136 49 Avird
1849 2068 92 31 aus
1983 2049 123 49 dem
2146 2049 195 49 dritten

210 2122 62 48 Ei
302 2122 272 59 kriechen,
605 2125 155 59 jener
790 2122 191 63 Vogel,
1015 2123 189 49 dessen
1238 2125 239 61 tropisch
1508 2123 390 63 buntfarbiges
1930 2121 164 49 Kleid
2124 2120 218 49 Meister

211 2192 259 51 Albrecht
527 2195 182 49 Dürer
769 2196 93 48 auf
920 2198 178 46 einem
1156 2198 179 47 seiner
1393 2195 499 64 unvergänglichen
1949 2193 212 50 Blätter
2219 2192 122 48 fest¬

214 2265 255 64 gehalten
495 2266 111 50 hat.
633 2267 213 50 Welche
872 2267 200 50 Kräfte
1101 2268 121 49 sind
1252 2288 73 41 es,
1353 2269 88 49 die
1472 2288 92 30 aus
1594 2269 107 49 den
1729 2268 110 50 fast
1867 2266 170 65 gleich
2065 2264 277 51 aussehen¬

214 2337 101 50 den
351 2338 165 49 Eiern
553 2358 56 30 so
647 2339 385 50 verschiedene
1069 2340 195 50 Wesen
1302 2341 290 49 entstehen
1629 2340 212 50 lassen?
1879 2338 117 50 Wie
2033 2338 208 49 kommt
2276 2353 68 38 es,

215 2410 102 50 daß
362 2431 91 30 aus
498 2411 120 50 dem
660 2412 285 49 Hühnerei
985 2416 194 47 immer
1219 2414 206 49 wieder
1468 2417 87 46 ein
1596 2414 169 49 Huhn
1805 2411 171 51 wird?
2021 2410 122 49 Was
2185 2411 67 46 ist
2293 2425 49 30 es

212 2486 98 47 mit
349 2486 155 59 jener
544 2485 373 49 sonderbaren
955 2486 180 49 Macht
1176 2486 95 50 der
1309 2486 348 64 Л^ererbung,
1700 2486 85 49 die
1826 2482 254 60 bewirkt,
2122 2481 100 50 daß
2264 2478 80 49 die

213 2555 405 51 Nachkommen
655 2557 159 50 ihren
850 2558 192 50 Eltern
1079 2561 194 47 immer
1311 2559 205 50 wieder
1554 2561 56 47 in
1650 2559 103 49 den
1792 2556 207 65 großen
2037 2556 180 61 Zügen
2256 2550 88 50 der

215 2628 238 50 äußeren
492 2628 385 66 Erscheinung,
918 2632 84 48 oft
1042 2651 158 43 sogar
1238 2635 55 46 in
1335 2632 103 49 den
1477 2631 276 50 kleinsten
1792 2630 115 49 und
1945 2625 401 52 lächerlichsten

213 2700 375 51 Einzelheiten
618 2723 55 30 so
706 2704 210 49 ähnlich
946 2704 153 50 sind?

285 2773 409 54 Jahrhunderte
744 2776 265 50 hindurch
1060 2776 178 50 haben
1290 2777 85 50 die
1425 2777 266 50 Forscher
1745 2796 67 29 an
1865 2775 205 49 diesem
2120 2769 226 51 Lebens¬

213 2847 225 49 wunder
464 2848 94 49 der
580 2848 327 64 Vererbung
930 2848 479 65 herumgerätselt.
1437 2850 171 50 Schon
1636 2850 92 50 das
1753 2849 158 49 Wort
1937 2842 377 62 „Ver-erbung

217 2932 116 50 sagt
366 2940 53 30 es
452 2923 70 59 ja,
555 2941 91 29 um
677 2942 107 30 was
820 2942 52 30 es
909 2922 146 63 geht:
1092 2922 68 51 Es
1193 2924 129 48 muß
1359 2928 172 44 etwas'
1562 2923 65 48 da
1663 2924 133 56 sein,
1829 2938 108 32 was
1974 2918 74 51 als
2081 2916 160 57 Erbe,
2276 2912 70 49 als

216 2990 208 64 Erbgut
463 3013 106 29 von
607 2993 171 50 Vater
818 2995 113 49 und
969 2994 211 51 Mutter
1222 2996 94 49 auf
1358 2996 86 49 die
1484 2994 232 60 Kinder,
1756 3013 109 30 von
1906 2991 184 49 diesen
2133 2987 92 50 auf
2266 2984 81 49 die

215 3064 175 51 î^nkel
414 3065 112 49 und
552 3086 55 30 so
635 3067 115 49 fort
775 3087 107 29 von
909 3067 339 50 Generation
1274 3088 66 30 zu
1367 3068 342 50 Generation
1734 3061 440 66 weitergegeben
2199 3055 146 53 wird.

1264 3214 29 48 2
