1895 3217
755 255 185 33 MEMOIR
973 253 53 34 OF
1060 253 199 33 BUFFON.

332 246 55 40 18

391 379 175 63 During
588 380 70 46 his
682 380 144 46 whole
848 380 76 46 life
945 381 58 45 he
1027 380 191 62 enjoyed
1240 395 28 30 a
1291 379 197 62 singular
1514 379 176 62 portion

329 457 50 46 of
413 457 110 61 good
566 458 172 54 health,
791 457 411 60 notwithstanding
1251 457 79 45 the
1373 456 316 62 irregularities

328 534 150 45 which
511 535 61 44 all
605 535 71 44 his
710 534 284 61 biographers
1029 534 133 45 allow
1195 539 102 40 that
1336 533 57 46 he
1433 532 258 63 frequently

328 611 213 46 indulged
569 610 61 46 in.
706 611 75 45 He
811 626 94 30 was
936 610 198 46 afflicted
1164 610 92 46 late
1287 609 48 46 in
1364 609 76 46 life
1470 610 115 45 with
1613 610 79 45 the

329 695 140 47 stone,
506 688 165 55 which,
707 694 137 40 about
877 688 71 45 his
982 686 377 47 seventy-second
1398 702 46 30 or
1480 693 214 55 seventy-

329 765 123 46 third
484 780 124 46 year,
638 766 182 44 became
849 770 252 56 extremely
1124 764 230 61 annoying
1381 763 92 46 and
1505 762 189 62 painful.

335 841 74 46 He
432 841 151 46 would
605 847 79 40 not
715 843 170 44 submit
913 847 47 41 to
991 857 58 30 an
1079 847 245 56 operation,
1356 841 91 45 and
1475 840 220 61 certainly

332 918 273 45 accelerated
626 918 71 45 his
721 918 136 46 death
879 920 63 59 by
965 919 71 45 his
1059 925 249 54 obstinacy,
1334 933 48 30 as
1405 918 70 45 his
1502 917 194 47 medical

333 999 277 49 attendants,
628 1008 57 32 on
708 1009 59 31 an
790 994 114 46 after
926 995 322 54 examination,
1268 995 219 53 affirmed,
1511 994 104 45 that
1638 993 58 45 he

334 1070 152 46 would
507 1071 117 45 have
647 1071 113 45 been
784 1070 141 62 safely
947 1071 196 46 relieved
1164 1073 64 59 by
1246 1086 58 30 an
1327 1086 109 46 easy
1453 1069 242 50 operation.

336 1147 160 45 Under
522 1147 61 45 all
611 1152 79 41 the
721 1147 233 47 sufferings
979 1146 50 47 of
1054 1147 91 45 this
1173 1147 175 61 painful
1372 1147 184 54 disease,
1580 1147 58 45 he
1660 1146 39 46 is

337 1223 97 46 said
462 1229 46 40 to
538 1224 117 45 have
685 1223 285 62 assiduously
999 1224 242 45 continued
1269 1224 71 45 his
1370 1224 203 54 studies;
1611 1225 89 45 and

337 1300 36 46 it
396 1316 110 45 may
527 1302 56 44 be
605 1301 249 54 remarked,
880 1317 49 30 as
953 1301 260 61 confirming
1234 1301 91 45 this
1349 1307 229 48 assertion,
1598 1302 102 45 that

339 1376 113 46 with
486 1377 61 45 all
579 1392 106 30 men
720 1377 101 46 who
854 1378 116 45 have
1004 1377 181 46 studied
1219 1377 104 61 long
1360 1376 92 46 and
1494 1393 206 44 perseve-

338 1453 163 62 ringly,
536 1459 78 39 the
649 1460 72 39 act
754 1455 202 45 becomes
990 1453 240 47 confirmed
1266 1459 46 41 to
1357 1469 27 30 a
1426 1453 144 54 habit,
1612 1455 90 44 and

339 1530 178 46 instead
551 1529 49 47 of
626 1529 133 63 being
786 1530 208 54 irksome,
1025 1531 48 45 in
1103 1531 119 44 their
1254 1545 174 46 greater
1455 1545 129 46 pains
1613 1531 90 44 and

339 1606 298 54 imbecilities,
657 1609 201 44 becomes
877 1623 58 30 an
959 1613 284 40 amusement
1266 1613 47 39 to
1343 1612 79 40 the
1444 1606 142 54 mind,
1613 1608 90 44 and

342 1700 27 28 a
392 1684 141 45 solace
556 1690 45 40 to
625 1684 118 45 their
764 1685 154 61 bodily
941 1683 201 46 frailties.
1208 1684 92 46 We
1323 1698 73 30 are
1420 1684 284 45 accustomed

340 1767 71 39 too
436 1759 121 47 often
579 1766 46 40 to
649 1776 155 31 couple
827 1767 140 55 study
990 1760 114 46 with
1127 1775 126 30 what
1276 1759 38 46 is
1337 1759 313 62 disagreeable.

406 1836 163 46 Buffbn
603 1838 241 45 continued
877 1836 66 46 for
974 1853 158 45 nearly
1155 1837 122 61 eight
1310 1852 131 46 years
1474 1837 48 45 in
1556 1852 150 30 severe

342 1914 244 46 affliction:
627 1914 58 46 he
723 1915 203 45 retained
963 1916 71 44 his
1069 1930 157 30 reason
1264 1915 73 45 till
1376 1921 164 38 within
1563 1929 28 30 a
1619 1911 90 48 few

342 1991 133 45 hours
499 1990 49 47 of
574 1992 70 45 his
678 1992 152 54 death,
855 1994 83 44 but
973 1993 118 44 sunk
1119 1992 145 45 imder
1293 1991 304 61 excruciating
1617 1997 93 39 tor-

343 2074 115 46 ture,
483 2083 57 29 on
562 2074 79 38 the
667 2066 112 47 l6th
803 2068 132 45 April
963 2074 137 47 1788,
1126 2068 46 44 in
1195 2075 79 37 the
1302 2067 277 61 eighty-first
1601 2083 109 44 year

344 2141 49 46 of
408 2143 69 45 his
501 2157 93 31 age.
662 2143 135 61 Upon
832 2143 251 53 dissection,
1118 2142 104 61 fifty
1244 2149 148 39 stones
1427 2157 117 31 were
1571 2142 140 46 found

345 2218 45 45 in
429 2219 70 45 his
535 2219 197 45 bladder.
801 2220 87 45 His
918 2220 120 60 body
1065 2234 95 30 was
1193 2219 254 45 embalmed
1481 2219 90 45 and
1606 2234 105 31 con-

346 2296 144 60 veyed
504 2302 46 39 to
569 2296 258 54 Montbard,
846 2302 46 40 to
909 2297 55 45 be
981 2296 170 61 placed,
1171 2296 231 61 according
1417 2301 46 40 to
1481 2295 70 46 his
1570 2295 142 46 direc-

346 2372 131 53 tions,
501 2372 48 45 in
566 2378 79 40 the
669 2388 122 30 same
814 2373 129 46 vault
967 2373 114 45 with
1097 2379 102 39 that
1222 2372 49 46 of
1285 2372 69 46 his
1373 2372 118 46 wife.
1559 2373 153 61 Every

347 2449 178 62 earthly
542 2450 172 46 honour
731 2465 94 31 was
848 2449 106 62 paid
971 2456 46 39 to
1031 2450 70 45 his
1118 2465 222 31 memory:
1375 2464 28 30 a
1419 2464 235 31 concourse
1671 2449 50 46 of

346 2526 339 56 academicians,
696 2527 89 46 and
804 2527 49 47 of
861 2543 178 46 persons
1058 2526 50 48 of
1116 2528 113 45 rank
1247 2527 91 46 and
1355 2526 275 55 distinction,
1641 2533 73 39 at-
