2113 3404
940 288 86 32 THE
1057 290 242 33 DISORDERS
1331 292 53 32 OF
1415 293 174 32 SPEECH.

437 269 84 42 236

435 398 219 60 thinking,
678 405 129 42 much
831 406 45 42 of
897 407 71 43 the
990 422 169 42 process
1182 411 37 41 is
1249 411 163 42 carried
1435 426 55 28 on
1512 413 334 56 automatically,
1868 416 83 42 and
1982 431 77 28 our

438 472 326 45 consciousness
785 475 37 42 is
844 478 189 55 engaged
1057 479 78 42 but
1157 484 43 38 to
1227 480 73 43 the
1331 481 194 43 smallest
1558 482 185 55 possible
1774 489 149 38 extent
1955 493 103 35 with

438 539 74 44 the
535 555 116 31 mere
673 545 167 44 vehicle
864 547 65 42 for
950 562 77 28 our
1050 548 220 59 thoughts,
1293 551 215 43 whatever
1530 552 52 42 be
1603 553 57 41 its
1689 558 174 48 nature;
1894 569 62 28 we
1987 569 70 29 are

439 610 145 45 intent
600 615 102 55 only
721 630 115 41 upon
859 618 73 42 the
954 619 117 42 ideas
1092 621 66 40 for
1180 621 139 41 which
1342 622 74 42 the
1438 622 189 55 symbols
1650 636 69 29 are
1741 625 116 50 used,
1877 626 85 41 and
1983 631 76 37 not

439 696 117 41 upon
578 685 75 42 the
675 687 191 54 symbols
890 689 295 43 themselves."
1247 692 98 51 But,
1366 693 180 55 granted
1575 693 96 42 that
1702 693 87 43 this
1820 695 36 41 is
1889 699 105 39 true,
2025 697 35 41 it

437 752 38 43 is
498 753 89 43 also
609 757 220 54 generally
852 758 212 43 admitted
1086 760 96 42 that
1203 761 126 43 when
1353 776 63 28 we
1447 776 71 29 are
1550 763 193 56 working
1772 773 75 33 out
1878 765 182 43 difficult

436 824 221 57 thoughts,
678 828 86 41 and
787 830 229 54 preparing
1039 830 117 42 them
1180 831 64 41 for
1265 832 226 42 articulate
1514 834 259 54 expression,
1800 848 62 29 we
1888 835 170 43 become

437 909 117 29 more
577 897 87 41 and
686 912 115 28 more
824 900 223 42 conscious
1069 901 46 41 of
1139 901 183 55 shaping
1343 902 118 42 them
1483 903 92 42 into
1598 904 136 42 words
1756 905 84 41 and
1862 905 196 55 phrases:

439 966 86 42 and
557 967 107 53 that,
696 968 48 42 in
776 969 204 56 ordinary
1011 984 217 41 processes
1260 971 44 42 of
1346 972 214 56 thinking,
1592 974 138 42 words
1766 974 84 42 and
1885 975 174 55 phrases

438 1037 209 43 associate
677 1039 259 43 themselves
968 1040 45 41 in
1046 1055 78 27 our
1156 1042 141 42 minds
1329 1056 45 29 so
1406 1043 166 56 readily
1604 1045 103 41 with
1742 1045 71 42 the
1844 1046 216 41 thoughts,

437 1106 96 42 that
567 1108 73 43 the
674 1109 187 56 thought
894 1110 85 42 and
1017 1111 73 42 the
1124 1112 116 41 word
1274 1126 115 29 seem
1424 1117 42 38 to
1504 1113 51 42 be
1591 1114 156 42 almost
1782 1116 274 42 inseparable.

435 1177 123 50 Now,
582 1178 117 43 what
721 1179 36 43 is
781 1180 73 42 the
878 1184 152 39 nature
1052 1182 44 41 of
1119 1182 87 42 this
1228 1183 187 42 internal
1437 1183 154 42 speech
1609 1185 14 39 ?
1684 1185 79 41 Let
1784 1199 49 28 us
1851 1186 205 54 carefully

435 1249 153 42 attend
610 1253 44 38 to
677 1264 78 28 our
777 1251 188 42 internal
988 1253 241 42 sensations
1253 1268 44 27 as
1330 1268 64 28 we
1426 1253 210 56 mentally
1666 1261 146 35 repeat
1843 1270 24 26 a
1897 1256 88 41 line
2016 1257 44 40 of

434 1325 166 49 poetry,
623 1335 47 28 or
692 1335 44 28 as
760 1336 63 28 we
845 1322 179 56 silently
1046 1323 100 42 read
1170 1338 24 27 a
1216 1329 202 37 sentence
1442 1325 109 41 from
1573 1338 23 27 a
1614 1324 169 55 printed
1801 1340 114 40 page.
1977 1325 78 44 We

434 1391 90 41 find
557 1392 96 41 that
684 1406 61 28 we
778 1406 69 28 are
880 1397 113 38 most
1025 1394 230 42 distinctly
1287 1395 86 41 and
1404 1394 222 43 definitely
1660 1396 220 41 conscious
1913 1396 44 41 of
1986 1396 72 42 the

438 1463 137 42 words
598 1477 62 28 we
688 1478 71 27 are
785 1463 102 42 thus
919 1465 224 54 repeating
1175 1465 245 42 internally.
1484 1465 82 42 We
1599 1480 68 27 are
1698 1466 221 42 conscious
1951 1480 105 28 even

435 1533 44 41 of
502 1534 72 42 the
597 1534 205 43 cadences
825 1535 43 41 of
890 1535 74 42 the
986 1535 190 42 internal
1202 1535 130 42 voice,
1358 1536 85 41 and
1469 1536 44 42 of
1546 1536 71 42 the
1649 1537 214 54 emphasis
1895 1536 95 42 that
2019 1537 36 41 is

434 1607 81 51 put
543 1618 117 41 upon
685 1605 75 41 the
786 1619 117 28 more
935 1605 238 55 important
1207 1605 148 42 words.
1419 1606 44 41 Is
1495 1606 35 41 it
1561 1606 73 42 the
1666 1607 198 55 auditory
1896 1607 160 41 images

436 1672 96 42 that
555 1687 63 28 we
640 1688 70 27 are
734 1674 222 42 conscious
979 1674 45 42 of
1036 1676 15 40 ?
1114 1674 206 42 Bastian1
1343 1688 97 28 says
1470 1675 36 41 it
1536 1675 61 52 is;
1629 1675 85 42 and
1745 1675 118 42 there
1895 1690 78 27 can
2006 1676 51 41 be

434 1757 56 28 no
512 1743 136 43 doubt
676 1744 96 42 that
802 1744 121 42 there
956 1745 36 41 is
1024 1758 24 27 a
1079 1745 115 54 large
1227 1744 200 56 auditory
1458 1745 187 42 element
1675 1745 46 41 in
1753 1745 87 42 this
1871 1745 185 41 internal

434 1814 167 55 speech,
622 1815 56 41 its
701 1819 124 38 tones
848 1815 128 42 being
998 1829 45 28 so
1067 1815 179 42 distinct
1268 1815 46 41 in
1337 1829 77 27 our
1435 1815 330 42 consciousness.
1828 1816 89 41 But
1943 1816 109 41 Bain

433 1885 77 42 has
532 1885 102 55 long
655 1885 154 55 taught
830 1886 96 40 that
939 1885 46 41 in
1007 1885 190 42 internal
1218 1885 155 42 speech
1397 1885 72 42 the
1493 1890 136 37 motor
1651 1885 186 43 element
1858 1886 37 41 is
1926 1886 128 41 much

434 1969 114 28 more
568 1969 293 41 prominently
878 1955 277 43 represented
1174 1955 104 42 than
1296 1955 74 42 the
1388 1955 229 42 auditory.2
1678 1956 55 41 In
1751 1956 123 54 proof
1892 1956 44 41 of
1955 1957 99 48 this,

433 2026 55 42 he
512 2027 146 55 points
686 2030 76 38 out
793 2030 97 39 that
920 2026 188 42 internal
1140 2026 154 42 speech
1327 2040 135 28 seems
1494 2026 244 42 sometimes
1770 2032 45 35 at
1846 2027 73 41 the
1952 2040 103 40 very

433 2112 127 41 verge
579 2098 47 42 of
639 2102 246 38 utterance;
915 2111 47 28 as
979 2098 36 41 is
1030 2097 149 42 shown
1195 2096 56 56 by
1265 2096 73 42 the
1356 2096 113 42 little
1487 2100 266 39 movements
1775 2111 58 27 we
1852 2110 96 40 may
1967 2094 83 43 feel

434 2169 48 41 in
505 2169 74 42 the
601 2173 172 51 tongue,
795 2169 111 41 from
928 2168 105 42 time
1056 2172 43 38 to
1129 2167 117 42 time,
1277 2166 125 43 when
1436 2181 61 28 we
1529 2181 70 28 are
1631 2167 176 55 silently
1838 2166 213 54 thinking.

437 2239 193 43 Strieker
662 2240 46 41 of
735 2239 195 42 Vienna3
961 2239 149 41 insists
1143 2252 108 28 even
1283 2251 115 28 more
1429 2237 107 42 than
1568 2237 110 42 Bain
1708 2251 116 41 upon
1858 2237 72 41 the
1961 2250 93 40 pre-

436 2310 255 42 dominance
714 2311 43 41 of
779 2310 73 42 the
874 2314 139 38 motor
1034 2323 188 41 pictures
1254 2308 45 41 in
1332 2308 87 42 this
1451 2308 186 42 internal
1668 2307 155 56 speech
1854 2307 46 42 of
1927 2307 129 43 silent

433 2380 210 56 thought;
685 2381 85 40 and
806 2379 55 42 he
899 2379 150 42 thinks
1087 2379 96 41 that
1217 2391 107 28 even
1362 2377 45 40 in
1444 2376 187 43 internal
1666 2390 106 41 song
1807 2376 73 42 the
1917 2382 136 37 motor

435 2451 162 55 images
620 2465 70 28 are
711 2450 74 43 the
816 2450 306 55 predominant
1152 2462 111 29 ones.
1326 2447 82 42 We
1440 2462 79 28 can
1551 2447 94 55 sing
1676 2461 24 28 a
1731 2461 104 41 song
1866 2447 187 51 silently,

435 2522 47 41 in
515 2536 78 28 our
625 2521 154 42 minds,
812 2520 138 42 either
983 2520 104 42 with
1120 2520 73 42 the
1227 2519 138 42 words
1397 2533 47 27 or
1475 2518 184 42 without
1691 2518 128 42 them.
1899 2518 22 43 I
1953 2518 101 51 find,

481 2684 10 22 1
522 2685 68 36 See
619 2683 128 37 article
777 2695 48 24 on
853 2682 64 36 the
936 2684 21 18 "
972 2681 225 48 Physiology
1224 2681 39 36 of
1290 2679 222 49 Thinking,"
1529 2680 225 46 Fortnightly
1779 2679 145 45 Review,
1947 2682 98 42 1869,

432 2757 33 35 p.
487 2746 44 35 57
549 2758 8 30 ;
588 2743 74 36 and
680 2743 63 36 the
760 2741 161 37 author's
940 2741 120 36 works
1078 2753 48 23 on
1144 2740 63 36 the
1226 2739 122 37 Brain
1366 2752 39 24 as
1423 2752 48 23 an
1492 2739 117 47 Organ
1627 2740 40 46 of
1688 2739 122 46 Mind,
1832 2741 90 34 1880
1938 2751 9 30 ;
1976 2738 72 36 and

433 2816 48 24 on
501 2803 196 47 Paralysis,
719 2802 156 45 General,
894 2801 146 36 Bulbar,
1060 2800 73 35 and
1150 2799 140 47 Spinal,
1312 2800 102 35 1886.

481 2864 14 24 2
521 2864 69 36 See
611 2863 68 36 The
697 2862 117 37 Senses
837 2861 74 36 and
935 2860 53 36 the
1013 2859 166 36 Intellect,
1198 2859 65 36 3rd
1282 2858 150 46 edition,
1452 2870 36 36 p.
1511 2861 68 34 399
1596 2871 8 30 ;
1630 2858 73 35 and
1721 2870 46 23 an
1785 2856 125 37 article
1927 2856 39 36 in
1985 2856 61 36 the

435 2923 223 47 Fortnightly
677 2922 145 44 Review,
844 2922 102 42 1869,
965 2931 35 36 p.
1020 2922 80 33 492.

481 2983 14 23 3
521 2983 66 35 Du
616 2982 166 46 Langage
811 2983 30 32 et
870 2979 40 36 de
940 2978 36 37 la
1005 2976 176 48 Musique,
1215 2977 102 36 1885.
1369 2975 91 37 This
1494 2976 143 36 French
1667 2978 216 33 translation
1913 2973 40 36 of
1983 2973 60 36 the

432 3043 162 36 German
612 3040 102 36 work
731 3039 31 36 is
779 3038 117 37 really
913 3050 21 24 a
950 3049 83 25 new
1050 3036 150 46 edition,
1216 3035 212 48 containing
1446 3034 166 37 chapters
1629 3046 47 24 on
1694 3033 62 36 the
1772 3031 220 48 Physiology
2007 3030 39 37 of

432 3101 120 36 Music
571 3103 65 33 not
653 3096 212 50 previously
882 3095 211 49 published.
