1895 3217
734 342 258 32 CONTENTS.

1448 432 90 24 PAGE

195 460 93 42 The
310 460 195 42 Mandril
526 474 47 28 or
598 459 213 43 Rib-nose
835 459 191 43 Baboon.

309 529 145 40 Papio
474 542 216 27 mormon.
753 527 125 43 Plate
900 527 147 43 XVII.
1119 561 8 8 .
1251 561 10 10 .
1384 562 8 8 .
1455 532 86 40 158

195 597 94 42 The
312 596 128 42 DriU.

309 664 147 42 Papio
479 663 285 58 leucophceus.
827 663 127 43 Plate
975 663 174 43 XVIII.
1254 698 8 8 .
1385 698 9 9 .
1456 666 83 41 161

198 799 93 43 The
314 799 213 43 Monkeys
547 799 51 42 of
624 799 136 43 South
783 800 217 52 America,
1032 815 49 27 or
1100 805 122 38 those
1244 800 53 42 of
1321 801 75 41 the

371 867 112 42 New
505 867 160 43 World
728 899 667 12 ......
1458 869 84 41 162

200 934 94 42 The
316 934 201 43 Howlers
598 967 797 11 .......
1459 936 84 42 163

199 1001 94 43 The
317 1002 240 56 Araguato.

313 1071 185 55 Mycetes
517 1069 194 43 urdnus.
774 1070 127 43 Plate
925 1070 125 43 XIX.
1126 1105 9 8 .
1257 1104 9 8 .
1388 1104 9 9 .
1460 1072 84 41 166

200 1136 94 43 The
319 1136 211 57 Sapajous
1460 1139 85 42 169

200 1205 95 41 The
320 1204 167 43 Coaita.

316 1275 143 39 Ateles
471 1271 232 58 paniscus.
765 1272 126 42 Plate
912 1272 101 42 XX.
1126 1306 10 9 .
1257 1306 9 8 .
1390 1274 157 41 .170

202 1340 94 42 The
318 1340 277 42 Marimonda
733 1373 10 9 .
865 1373 9 10 .
996 1373 9 9 .
1128 1371 10 11 .
1258 1373 9 8 .
1390 1342 154 43 .171

203 1407 282 43 Humboldt’s
509 1407 244 56 Lagothrix
865 1439 535 11 .....
1462 1407 86 47 173

201 1475 95 42 The
320 1475 185 42 Homed
528 1474 202 56 Sapajou.

319 1544 133 41 Cebus
462 1543 244 57 fatuellus.
767 1542 127 43 Plate
914 1541 125 43 XXL
1126 1575 9 9 .
1257 1575 10 10 .
1390 1575 8 9 .
1461 1540 86 47 175

202 1610 95 42 The
320 1610 334 42 Large-headed
678 1609 199 55 Sapajou.

320 1679 133 41 Cehus
471 1678 259 42 monachus.
791 1678 127 42 Plate
938 1677 150 42 XXII.
1260 1709 10 10 .
1391 1709 11 10 .
1464 1676 86 47 178

203 1745 94 42 The
321 1746 187 42 Siamiri.

322 1812 247 42 Callithrix
590 1812 205 43 sciureus.
857 1812 126 42 Plate
1006 1811 173 43 XXIII.
1263 1845 8 8 .
1394 1844 9 10 .
1465 1811 86 41 180

205 1879 94 42 The
321 1879 305 44 Douroucouli.

322 1949 128 40 Aotes
471 1948 277 55 trivirgatus.
809 1947 128 41 Plate
958 1946 172 41 XXIV.
1264 1977 10 11 .
1395 1977 10 9 .
1467 1945 86 40 183

209 2013 94 41 The
327 2012 181 44 Couxio.

324 2080 205 43 Pithecia
548 2088 200 36 satanas.
809 2080 126 43 Plate
955 2080 146 42 XXV.
1134 2113 10 10 .
1266 2112 8 11 .
1396 2111 10 11 .
1468 2079 87 42 188

210 2148 93 43 The
329 2147 199 57 Cacajao.

325 2216 202 42 Pithecia
546 2216 382 43 melanocephala.
990 2216 129 43 Plate
1141 2215 172 43 XXVI.
1398 2247 9 11 .
1470 2215 82 42 191

211 2282 94 43 The
329 2283 188 43 Striated
540 2284 206 57 Monkey.

325 2352 202 56 Hapales
540 2351 202 55 jacchus.
803 2352 127 42 Plate
952 2351 193 44 XXVII.
1267 2384 10 10 .
1399 2383 9 10 .
1470 2349 86 42 194

213 2417 95 43 The
331 2418 123 56 Silky
477 2419 220 43 Tamarin.

328 2487 154 42 Midas
500 2488 183 42 rosalia.
746 2487 125 43 Plate
894 2487 217 43 XXVIII.
1268 2520 10 10 .
1401 2520 9 8 .
1472 2485 84 45 197

216 2552 93 43 The
334 2553 193 43 Leonine
551 2555 221 42 Tamarin.

332 2621 152 43 Midas
505 2622 193 43 leonina.
760 2622 126 42 Plate
908 2622 168 42 XXIX.
1139 2655 7 9 ,
1270 2655 8 8 .
1401 2620 155 42 .199
