2113 3404
786 261 86 37 tins
904 254 243 47 DtsonbERS
1179 255 52 47 ofr
1263 266 174 36 st^kcrt.

288 243 84 51 164

285 381 75 44 the
374 396 116 31 races
504 384 47 43 of
562 386 209 42 mankind
787 387 95 42 who
896 387 109 44 have
1019 390 163 54 spoken
1197 404 45 28 or
1257 390 203 42 continue
1476 395 42 38 to
1532 390 131 55 speak
1678 390 117 43 these
1809 391 88 44 lan-

283 466 170 41 guages.
501 453 201 53 Hebrew,
717 456 292 52 Chaldee.and
1023 459 171 53 Arabic,
1210 473 97 28 may
1325 461 49 40 be
1389 459 223 42 instanced
1626 473 46 28 as
1686 461 213 43 examples

284 523 44 41 of
347 524 72 42 the
442 524 178 44 Semitic
638 527 176 54 family;
837 528 212 51 Sanskrit,
1064 527 190 53 Persian,
1272 529 141 50 Latin,
1429 529 155 42 Greek,
1601 528 73 43 the
1696 530 204 45 Teutonic

285 593 246 59 languages,
545 597 73 42 the
635 597 150 43 Celtic,
802 598 84 42 and
904 598 74 42 the
995 597 157 44 Slavic,
1167 613 45 28 as
1226 599 358 42 representatives
1598 600 45 40 of
1653 599 72 43 the
1744 599 154 43 Aryan.

286 666 54 41 In
360 666 86 43 this
462 673 120 50 great
599 668 273 42 Inflectional
889 683 147 40 group,
1053 669 74 42 the
1144 674 113 36 roots
1275 669 110 41 have
1401 669 108 42 been
1528 669 165 43 welded
1709 670 191 42 together

284 737 94 42 into
422 752 25 27 a
483 738 136 42 closer
654 738 284 43 relationship
977 739 106 41 than
1120 738 46 41 in
1197 738 75 42 the
1303 738 330 56 Agglutinative
1661 739 237 44 languages.

285 808 60 42 To
368 823 76 28 use
475 809 75 42 the
581 809 141 42 simile
743 810 46 41 of
809 809 219 42 Professor
1050 809 176 50 Muller,
1249 809 101 55 they
1383 815 219 50 represent
1623 824 25 28 a
1678 811 157 41 mosaic
1857 812 42 40 in

286 877 142 42 which
453 878 72 42 the
558 878 210 42 elements
791 892 70 28 are
883 892 46 28 so
962 878 160 56 closely
1145 877 174 56 applied
1341 883 43 37 to
1417 879 102 42 each
1551 879 122 42 other
1705 879 93 42 that
1831 880 69 42 the

281 947 192 54 joinings
483 954 158 35 cannot
654 948 52 42 be
721 947 260 43 discovered,
990 947 188 42 whereas
1188 948 45 41 in
1247 948 73 42 the
1330 948 326 56 Agglutinative
1671 949 229 43 languages

286 1016 104 42 each
413 1022 196 49 separate
631 1032 188 28 element
840 1017 38 43 is
900 1017 94 43 still
1015 1018 226 54 distinctly
1266 1019 211 42 definable
1509 1033 154 28 among
1699 1020 73 41 the
1805 1025 95 38 rest.

286 1087 56 40 In
364 1086 73 42 the
465 1087 274 42 Inflectional
761 1087 245 56 languages,
1028 1092 21 17 "
1064 1088 73 41 the
1170 1088 168 42 various
1370 1088 207 43 elements
1610 1090 140 40 which
1784 1094 118 38 enter

285 1157 94 41 into
402 1157 73 42 the
514 1158 285 55 composition
836 1158 44 41 of
912 1157 137 43 words
1081 1172 99 41 may
1213 1158 174 43 become
1418 1173 46 28 so
1502 1159 164 43 welded
1699 1159 203 43 together,

285 1227 85 42 and
393 1227 131 43 suffer
556 1242 45 28 so
623 1228 131 42 much
785 1228 111 42 from
930 1228 205 55 phonetic
1166 1228 258 55 corruption,
1453 1228 96 42 that
1579 1243 112 28 none
1722 1229 79 42 but
1832 1230 70 41 the

286 1297 210 43 educated
530 1298 142 43 would
695 1299 51 42 be
769 1313 137 28 aware
928 1300 47 41 of
1002 1313 55 27 an
1089 1298 181 56 original
1303 1298 253 43 distinction
1588 1299 193 43 between
1812 1307 91 35 root

286 1368 86 42 and
403 1369 295 42 termination,
720 1369 86 42 and
827 1383 113 28 none
961 1369 80 42 but
1059 1369 73 42 the
1166 1369 290 55 comparative
1488 1370 285 55 grammarian
1809 1370 92 42 able

286 1444 44 37 to
352 1439 194 43 discover
567 1439 73 43 the
663 1454 138 28 seams
825 1439 95 42 that
942 1444 194 37 separate
1157 1439 74 42 the
1254 1444 259 50 component
1533 1440 180 55 parts."1

346 1509 118 43 Thus
486 1510 73 42 the
581 1510 182 56 English
787 1509 117 42 word
935 1507 114 45 lord
1081 1509 143 42 would
1256 1509 51 43 be
1341 1510 182 42 nothing
1556 1511 78 41 but
1667 1525 51 27 an
1757 1516 146 50 empty

287 1580 98 43 title
416 1585 21 16 "
452 1580 146 43 unless
620 1581 57 42 its
699 1580 181 42 original
913 1580 109 42 form
1053 1579 85 42 and
1169 1580 202 54 meaning
1402 1579 85 43 had
1518 1581 108 42 been
1659 1581 244 42 discovered

286 1650 46 42 in
355 1650 74 42 the
461 1650 310 55 Anglo-Saxon
803 1648 238 52 hlaf-ord,
1062 1649 203 55 meaning
1295 1649 74 42 the
1391 1663 147 29 source
1569 1651 43 41 of
1634 1651 142 42 bread,
1797 1652 106 40 from

286 1718 121 44 hlaf,
433 1735 24 27 a
479 1720 97 51 loaf,
599 1722 84 41 and
706 1719 105 52 ord,
837 1720 158 55 place."
1046 1720 89 42 The
1158 1720 115 41 word
1295 1718 125 55 lady
1440 1720 37 43 is
1499 1720 210 56 similarly
1731 1721 172 43 derived

288 1793 109 41 from
439 1788 120 54 hlaf,
592 1791 99 42 loaf,
722 1791 86 42 and
850 1789 128 55 dige,
1024 1791 107 41 from
1165 1788 167 54 digan,
1378 1799 43 33 to
1463 1806 93 27 care
1603 1791 64 41 for
1708 1805 45 27 or
1794 1791 108 54 help.

288 1867 20 17 "
324 1863 152 42 Hence
497 1859 125 55 lady
642 1875 148 29 means
813 1876 80 27 one
915 1862 97 41 who
1034 1861 124 42 helps
1176 1875 46 27 or
1243 1875 143 28 serves
1408 1861 130 42 bread
1559 1865 43 37 to
1625 1860 72 43 the
1719 1860 185 55 family."

289 1932 55 41 In
366 1932 88 42 like
486 1946 180 28 manner
687 1931 37 42 it
756 1931 142 42 would
920 1932 52 42 be
994 1931 249 55 impossible
1275 1936 44 37 to
1341 1931 126 41 know
1490 1930 96 41 how
1609 1930 73 42 the
1705 1929 198 43 terminal

287 2002 130 43 letter
439 2003 46 42 in
508 2002 74 43 the
605 2003 116 42 word
743 2000 152 44 loved
926 2016 102 41 puts
1062 2003 74 41 the
1167 2003 105 41 verb
1309 2001 46 43 in
1392 2001 73 43 the
1498 2006 96 51 past
1628 2006 132 46 tense,
1797 2015 106 28 were

287 2087 65 29 we
375 2078 77 38 not
473 2073 176 43 assured
682 2073 56 55 by
760 2073 274 55 philologists
1066 2072 95 42 that
1194 2073 74 42 the
1301 2072 247 42 expression
1572 2085 85 29 was
1679 2071 224 55 originally

288 2142 22 44 I
330 2142 116 44 love
467 2142 88 44 did
578 2144 42 55 (I
643 2144 74 41 did
739 2144 128 55 love),
890 2143 85 42 and
1009 2144 96 42 that
1137 2144 73 41 the
1242 2142 88 43 did
1361 2142 76 42 has
1460 2142 104 42 been
1589 2142 250 43 attenuated
1863 2146 42 37 to

289 2215 74 42 the
386 2215 138 42 single
546 2214 128 42 letter
696 2210 45 51 d.

347 2285 147 42 When
532 2285 72 42 the
642 2285 135 41 union
812 2285 46 41 of
887 2289 116 38 roots
1035 2285 77 41 has
1145 2284 101 42 thus
1268 2284 173 42 become
1463 2297 115 28 more
1600 2283 211 50 intimate,
1833 2282 71 42 the

290 2361 216 37 structure
527 2359 22 18 "
567 2369 79 28 can
668 2355 52 42 be
742 2355 299 42 manipulated
1058 2355 45 41 in
1120 2369 25 27 a
1161 2355 168 42 variety
1347 2355 45 41 of
1406 2368 115 42 ways
1540 2360 183 35 without
1739 2353 164 42 involv-

290 2427 74 54 ing
386 2426 57 42 its
466 2426 328 55 disintegration
814 2426 43 52 ;"
890 2440 46 28 so
959 2431 96 36 that
1077 2424 72 43 the
1166 2425 230 56 languages
1414 2425 43 42 of
1480 2425 85 41 this
1585 2431 100 49 type
1707 2425 136 41 admit
1863 2425 45 41 of

291 2511 116 27 more
429 2496 166 42 artistic
617 2496 296 55 employment
936 2496 107 41 than
1066 2496 120 42 those
1208 2496 46 41 of
1272 2509 85 28 any
1380 2495 131 42 other.

350 2568 216 42 Komanes
587 2567 119 56 gives
729 2567 74 42 the
825 2567 223 42 following
1070 2566 184 42 formula
1276 2566 131 54 (from
1424 2565 298 56 Hovelacque)
1740 2565 164 56 regard-

290 2638 76 42 ing
388 2637 121 43 these
532 2637 120 43 three
674 2642 121 50 great
815 2650 158 42 groups
996 2637 46 41 of
1059 2636 243 55 languages.
1363 2636 40 41 E
1423 2636 294 55 representing
1747 2651 25 26 a
1802 2640 103 46 root,

291 2723 25 28 a
337 2722 202 29 sentence
562 2708 45 41 in
631 2722 24 27 a
677 2707 209 56 language
909 2707 47 42 of
974 2707 74 41 the
1070 2706 160 42 radical
1252 2720 46 28 or
1318 2706 202 55 isolating
1549 2712 102 49 type
1686 2706 219 55 (Chinese)

294 2779 139 42 might
454 2779 51 42 be
538 2777 273 56 represented
846 2774 361 54 thus,R-}-E
1221 2774 48 54 4"
1288 2777 49 51 R>
1360 2789 103 29 eacn
1497 2782 93 37 rot
1622 2784 284 46 maintaining

293 2851 57 42 its
384 2853 212 51 complete
630 2848 336 43 independence.
1029 2849 54 41 In
1121 2847 73 42 the
1222 2846 311 56 agglutinative
1555 2852 115 50 type,
1692 2847 72 42 the
1796 2847 114 42 chief

292 2927 116 37 roots
431 2919 90 44 still
544 2919 213 43 maintain
779 2919 114 42 their
913 2917 336 57 independence,
1271 2917 79 41 but
1378 2917 73 42 the
1484 2917 276 43 subordinate
1793 2930 111 29 roots

294 2993 192 43 undergo
508 3005 117 29 some
649 2991 302 49 modification,
973 2988 163 43 though
1154 2987 91 43 still
1262 2987 241 56 remaining
1520 2988 223 56 distinctly
1768 3001 135 41 recog-

705 3072 11 23 1
744 3071 88 36 Max
853 3070 145 46 Muller,
1018 3081 53 36 op.
1091 3073 70 32 cil.,
1180 3067 71 37 vol.
1273 3068 36 36 ii.
1330 3080 33 36 p.
1384 3069 84 36 370.
