1817 3171
349 266 90 47 146

772 283 253 32 DOG-FACED
1049 284 219 32 BABOONS.

342 409 259 46 membrane
632 409 64 46 for
718 410 78 45 the
829 409 155 62 length
1015 409 50 47 of
1080 410 77 45 the
1193 409 95 46 first
1322 411 212 60 phalanx.
1605 413 96 45 The

339 486 177 61 general
539 487 190 60 position
752 485 50 47 of
816 493 77 39 the
912 487 169 45 animal
1104 487 37 45 is
1165 502 55 30 on
1244 487 217 55 all-fours^
1482 503 46 30 or
1550 491 152 43 seated

340 579 57 30 on
430 563 59 46 its
522 565 223 53 buttocks^
771 564 91 45 and
883 564 36 45 it
941 565 229 60 generally
1192 563 120 46 feeds
1336 564 47 45 in
1407 580 81 30 one
1513 565 49 45 of
1577 567 124 44 these

338 640 229 60 positions,
593 641 142 45 either
763 642 62 60 by
848 647 80 39 the
957 641 242 46 assistance
1230 640 50 46 of
1295 641 57 45 its
1375 641 159 53 hands,
1571 657 46 30 or
1639 644 59 59 by

337 718 175 60 placing
533 724 78 39 the
634 718 175 45 muzzle
839 724 47 39 at
920 733 106 31 once
1065 733 163 46 among
1257 718 78 45 the
1371 716 114 55 food,
1511 719 186 53 always,

337 794 221 54 however,
583 794 144 62 filling
754 801 78 39 the
860 795 370 61 cheek-pouches,
1262 794 148 45 which
1433 810 74 30 are
1535 796 163 53 ample,

337 871 144 45 before
504 886 92 46 any
610 871 173 60 portion
797 872 81 44 has
900 873 113 43 been
1037 872 268 44 swallowed.
1363 872 153 44 When
1535 872 163 54 asleep,

335 947 37 45 it
408 946 142 46 either
574 948 80 45 lies
689 963 55 30 on
768 963 82 30 one
883 948 94 44 side
1009 949 90 44 like
1123 964 26 28 a
1173 948 96 61 dog,
1295 964 46 29 or
1364 948 80 45 sits
1467 948 47 45 in
1538 964 27 30 a
1590 950 108 44 bent

334 1022 206 62 position,
566 1023 114 46 with
707 1025 79 44 the
814 1024 117 45 head
953 1025 214 60 reclining
1189 1039 57 31 on
1268 1025 78 45 the
1364 1026 160 44 breast.

400 1100 223 61 Monkeys
664 1101 116 45 have
813 1116 110 46 very
954 1101 168 45 seldom
1155 1101 221 61 produced
1408 1117 150 46 young
1589 1102 48 45 in
1671 1118 28 30 a

335 1182 118 40 state
487 1176 50 46 of
562 1177 298 45 confinement
894 1177 47 45 in
975 1178 91 44 this
1101 1193 205 45 country,
1336 1178 90 45 and
1448 1178 112 61 they
1581 1179 116 45 have

334 1254 113 45 been
471 1253 92 46 still
585 1269 121 30 more
728 1254 148 61 rarely
898 1256 191 44 brought
1120 1261 46 39 to
1189 1254 236 46 maturity.
1494 1255 202 45 Frederic

335 1330 166 46 Cuvier
534 1347 122 45 gives
693 1347 58 29 an
787 1338 186 39 account
1009 1331 50 47 of
1087 1347 27 30 a
1149 1332 97 60 pair
1281 1331 50 46 of
1357 1339 125 38 these
1506 1333 189 44 animals

334 1408 150 45 which
516 1408 235 60 produced,
789 1409 170 45 though
995 1415 79 39 the
1110 1425 151 45 young
1295 1408 210 46 survived
1539 1424 106 45 only
1668 1424 27 30 a

334 1483 86 46 few
455 1485 125 45 days.
651 1486 96 44 The
782 1501 119 30 male
940 1486 90 45 and
1064 1485 161 46 female
1260 1501 117 29 were
1411 1484 200 47 confined
1646 1485 49 46 in

333 1577 201 45 separate
558 1577 139 46 cages,
723 1561 47 46 in
794 1562 117 61 sight
946 1561 50 46 of
1021 1563 108 45 each
1163 1569 141 47 other,
1341 1562 90 45 and
1464 1562 119 45 their
1615 1563 79 45 de-

332 1645 319 38 monstrations
697 1637 51 46 of
782 1645 78 38 the
905 1638 137 46 softer
1085 1638 214 61 passions,
1340 1639 192 44 induced
1575 1638 116 46 their

331 1715 183 60 keepers
547 1721 46 39 to
627 1715 133 45 allow
793 1730 82 30 one
898 1716 282 53 habitation;
1215 1715 159 61 nearly
1398 1730 27 30 a
1447 1730 109 46 year
1578 1714 114 46 after

331 1791 78 45 the
432 1790 161 46 female
615 1792 165 59 proved
803 1791 113 45 with
950 1807 165 45 young,
1152 1792 90 44 and
1275 1791 47 45 in
1350 1806 135 30 seven
1508 1792 180 44 months

331 1883 111 45 gave
481 1867 121 46 birth
641 1874 46 40 to
724 1884 27 29 a
785 1868 174 46 female.
1028 1868 46 45 It
1109 1884 94 29 was
1238 1868 104 45 well
1376 1867 198 54 formed;
1610 1868 79 44 the

332 1960 105 45 eyes
462 1961 115 29 were
609 1960 111 30 open
751 1952 47 38 at
820 1945 136 55 birth,
981 1945 91 45 and
1094 1945 58 45 its
1175 1944 115 46 nails
1313 1960 117 30 were
1461 1951 229 54 complete.

333 2021 42 45 It
412 2037 94 29 was
541 2021 208 46 however
781 2028 72 40 too
878 2023 128 45 weak
1037 2028 45 39 to
1117 2028 181 55 support
1331 2021 134 54 itself,
1491 2022 89 45 and
1614 2022 78 45 the

332 2105 177 38 mother
530 2099 175 45 treated
728 2099 36 45 it
789 2099 111 45 with
924 2115 57 30 no
1005 2099 239 54 attention,
1281 2099 76 45 did
1390 2105 78 39 not
1496 2105 194 53 attempt

332 2181 45 39 to
414 2176 152 45 suckle
602 2175 50 54 it,
691 2177 90 45 and
820 2176 193 61 entirely
1051 2175 80 47 left
1167 2175 69 55 it;
1282 2182 79 39 the
1391 2182 110 39 next
1541 2175 89 61 day
1654 2175 35 44 it

333 2252 114 45 died.
501 2252 130 46 Some
649 2259 111 39 time
783 2251 127 56 after,
936 2269 27 29 a
987 2253 159 46 second
1163 2251 160 47 female
1342 2269 93 29 was
1452 2252 235 61 produced,

331 2344 143 29 under
497 2329 170 45 similar
697 2329 356 55 circumstances,
1091 2330 89 45 and
1203 2330 60 45 all
1286 2336 215 39 attempts
1524 2334 46 40 to
1593 2344 95 30 rear

331 2404 37 46 it
393 2421 116 29 were
533 2406 181 61 equally
737 2407 317 45 unsuccessful.

397 2481 207 47 Another
636 2499 213 46 monkey,
890 2484 149 45 which
1079 2483 138 46 ought
1255 2489 46 39 to
1341 2482 132 46 stand
1511 2480 47 47 in
1597 2481 91 46 this

331 2559 140 61 place,
488 2559 36 46 is
542 2560 77 46 the
636 2560 151 61 Toque
801 2560 49 47 of
861 2560 203 47 Frederic
1074 2560 177 55 Cuvier,
1264 2559 221 46 Macacus
1502 2560 186 45 sinicus.
