2113 3404
356 259 83 41 186

855 274 87 32 THE
974 275 242 33 DISORDERS
1248 277 53 32 OF
1332 278 173 32 SPEECH.

748 3057 12 23 1
789 3056 156 37 Clinical
965 3055 155 36 Lectures
1137 3066 44 24 on
1199 3053 140 36 Mental
1357 3052 170 45 Diseases,
1546 3064 34 35 p.
1602 3055 55 32 90.

352 389 243 53 prevailing
631 391 189 43 emotion
856 393 38 42 is
931 397 156 52 strong,
1124 395 85 41 and
1246 395 341 42 uncontrollable
1624 396 55 54 by
1720 396 211 42 volition."
1950 397 14 25 1

354 457 54 42 In
441 459 175 43 chronic
648 475 130 37 cases,
806 462 74 43 the
912 477 116 29 same
1060 466 185 40 features
1280 479 97 40 may
1409 465 51 42 be
1491 465 238 55 presented,
1756 473 206 36 although

353 528 113 43 their
488 531 346 44 manifestations
863 547 69 28 are
960 533 84 43 less
1068 535 173 42 violent.
1303 535 89 42 The
1424 535 189 55 patients
1644 550 100 40 may
1765 537 202 42 continue

354 603 44 36 to
436 599 154 43 bewail
628 602 112 42 their
777 603 220 42 condition
1035 604 64 42 for
1134 618 134 41 years.
1331 605 53 41 In
1426 605 73 42 the
1536 605 137 55 .Royal
1711 604 254 57 Edinburgh

353 670 188 54 Asylum
565 671 21 41 I
611 686 84 28 was
724 673 133 54 lately
880 673 149 42 shown
1052 688 24 27 a
1098 688 94 28 case
1224 675 46 41 of
1297 675 88 42 this
1414 675 118 42 kind,
1555 676 73 41 the
1650 676 167 54 patient
1840 677 126 55 being

353 752 25 27 a
404 740 290 56 middle-aged
718 756 166 27 woman
909 743 103 41 with
1041 744 290 55 prematurely
1353 758 103 41 gray
1478 745 102 41 hair.
1644 746 93 41 Her
1768 752 200 36 constant

352 822 76 41 cry
460 810 37 41 is
539 816 44 36 to
622 812 50 41 be
704 812 133 41 taken
869 817 43 36 to
939 812 92 54 jail,
1063 813 139 42 where
1234 814 75 41 she
1342 828 95 40 may
1471 816 181 52 expiate,
1677 816 53 49 by
1764 816 205 55 suffering

352 879 345 55 imprisonment,
729 881 74 42 the
840 882 158 41 fearful
1034 883 153 41 crimes
1224 883 75 42 she
1341 884 208 54 imagines
1587 885 159 41 herself
1779 890 44 37 to
1859 885 110 43 have

352 950 263 42 committed.
678 951 88 40 The
790 956 121 37 tones
933 952 45 40 of
1009 951 75 42 her
1106 952 117 42 voice
1246 967 69 27 are
1337 953 217 54 curiously
1576 954 106 54 deep
1705 955 83 41 and
1812 960 159 46 strong,

351 1033 106 27 —so
480 1019 130 41 much
633 1033 57 37 so,
720 1020 95 41 that
838 1021 125 41 when
997 1021 22 41 I
1051 1021 93 41 first
1176 1021 130 42 heard
1339 1022 117 40 them
1480 1022 108 40 from
1609 1035 25 28 a
1656 1024 312 55 neighbouring

351 1091 116 40 ward
502 1090 20 40 I
555 1091 128 41 could
717 1096 74 36 not
822 1091 79 42 tell
933 1092 192 41 whether
1156 1092 36 40 it
1223 1106 85 27 was
1341 1092 72 42 the
1437 1092 117 41 voice
1585 1092 43 41 of
1659 1106 24 27 a
1716 1107 97 26 man
1845 1107 46 27 or
1921 1094 44 40 of

352 1175 25 26 a
408 1174 178 28 woman.
649 1161 119 55 They
792 1161 109 42 have
924 1161 223 42 evidently
1169 1162 107 41 been
1299 1162 216 54 deepened
1548 1162 57 55 by
1635 1161 112 43 their
1775 1162 193 42 habitual

352 1232 251 53 expression
630 1232 46 41 of
695 1231 170 55 painful
887 1231 86 41 and
995 1232 167 41 sombre
1184 1233 200 41 emotion.

411 1302 88 41 But
541 1302 121 42 there
703 1316 71 28 are
816 1316 132 41 many
988 1303 203 41 varieties
1233 1303 44 40 of
1327 1303 268 53 phenomena
1642 1303 220 41 exhibited
1912 1304 56 53 by

351 1371 202 42 different
574 1385 117 28 cases
716 1372 43 41 of
782 1371 295 51 melancholia,
1100 1372 225 41 according
1348 1377 44 36 to
1414 1373 57 41 its
1503 1372 150 42 degree
1675 1374 44 40 of
1747 1374 223 49 intensity,

351 1442 87 42 and
469 1447 45 37 to
536 1443 74 41 the
633 1443 173 41 various
842 1442 130 42 kinds
1007 1443 46 41 of
1081 1443 197 41 delusion
1312 1442 85 42 and
1431 1442 310 42 hallucination
1773 1443 95 41 that
1898 1457 70 27 are

351 1512 239 43 associated
613 1513 105 40 with
740 1513 45 41 it.
847 1513 136 41 These
1010 1513 201 41 varieties
1234 1513 43 41 of
1299 1518 102 49 type
1424 1513 22 41 I
1469 1513 110 41 shall
1612 1518 75 36 not
1717 1518 184 37 attempt
1928 1519 42 35 to

352 1588 263 37 enumerate,
637 1583 79 41 but
738 1583 22 41 I
782 1582 128 42 think
932 1583 35 41 it
990 1597 99 40 may
1112 1583 49 41 be
1186 1582 96 42 well
1306 1589 42 35 to
1373 1583 124 41 make
1522 1587 100 38 note
1645 1583 44 41 of
1710 1597 79 28 one
1811 1582 160 54 special

353 1658 105 50 type
484 1654 97 40 that
601 1653 47 41 in
670 1653 56 42 its
759 1653 292 42 expressional
1082 1653 346 42 manifestations
1460 1658 210 37 contrasts
1698 1653 272 54 remarkably

355 1724 108 41 with
486 1723 73 42 the
583 1723 192 42 violence
805 1723 87 41 and
923 1723 262 42 excitement
1221 1723 43 41 of
1297 1723 201 55 ordinary
1519 1728 124 37 acute
1676 1723 295 42 melancholia.

356 1794 23 41 I
410 1807 126 28 mean
563 1794 74 41 the
666 1794 167 41 variety
856 1794 45 41 of
930 1794 287 41 melancholia
1247 1794 159 41 known
1439 1808 45 28 as
1516 1798 21 18 "
1553 1795 292 41 Melancholia
1870 1795 102 40 with

357 1865 160 55 Stupor
536 1864 42 52 ;"
614 1879 24 26 a
661 1864 221 42 condition
906 1864 96 42 that
1025 1865 244 41 sometimes
1291 1878 257 41 supervenes
1571 1879 115 40 upon
1708 1864 74 42 the
1804 1865 167 54 acutely

356 1935 165 42 violent
537 1939 116 50 type,
668 1934 84 41 and
769 1934 247 42 sometimes
1034 1934 36 41 is
1089 1934 232 55 developed
1339 1934 234 55 primarily.
1635 1935 52 40 In
1707 1935 84 41 this
1809 1940 165 49 variety

358 2007 75 40 the
455 2006 177 41 sufferer
655 2005 36 41 is
713 2005 75 41 the
817 2004 168 55 picture
1016 2005 46 40 of
1090 2004 131 42 silent
1253 2005 179 54 despair.
1494 2005 70 41 He
1595 2018 137 28 seems
1763 2005 84 41 lost
1876 2005 46 40 in
1954 2019 24 27 a

359 2076 157 42 fearful
549 2076 158 41 dream,
730 2075 84 41 and
847 2075 78 41 sits
957 2075 132 41 silent
1119 2074 86 41 and
1235 2074 233 51 immobile,
1489 2075 183 54 perhaps
1698 2075 206 41 listening
1935 2080 42 35 to

360 2148 75 41 the
471 2145 190 43 internal
702 2151 245 35 utterances
981 2145 43 41 of
1067 2145 71 41 the
1180 2145 86 41 evil
1308 2145 147 54 spirits
1496 2145 57 41 by
1590 2145 139 40 which
1773 2145 51 40 he
1861 2151 116 35 often

360 2218 211 41 imagines
609 2216 179 41 himself
824 2222 43 35 to
901 2216 52 41 be
990 2214 231 55 possessed.
1284 2215 69 41 He
1391 2229 97 27 may
1521 2219 75 36 not
1634 2220 116 36 utter
1783 2229 25 26 a
1843 2214 136 42 single

363 2288 118 42 word
517 2301 109 27 even
665 2287 66 41 for
766 2299 134 41 years.
965 2285 43 41 If
1043 2285 55 41 he
1136 2285 53 41 do
1224 2284 121 54 reply
1380 2289 43 37 to
1457 2284 233 55 questions,
1723 2284 36 41 it
1794 2297 98 41 may
1930 2284 51 42 be

363 2371 166 41 slowly,
550 2357 86 41 and
658 2360 118 38 often
799 2354 44 42 in
867 2369 25 27 a
914 2355 195 41 whisper.
1172 2354 136 42 There
1330 2354 36 41 is
1388 2355 118 41 often
1538 2368 24 26 a
1593 2368 132 39 pause
1751 2353 142 42 before
1915 2353 67 42 his

363 2442 135 41 reply,
520 2427 143 42 owing
685 2431 44 36 to
753 2425 73 41 the
860 2424 239 42 feebleness
1132 2424 83 40 and
1248 2423 202 42 slowness
1482 2423 44 42 of
1556 2423 59 41 all
1647 2423 160 41 mental
1839 2423 141 41 action

364 2505 98 37 that
482 2499 37 41 is
541 2502 77 36 not
639 2495 185 43 devoted
848 2500 43 36 to
914 2495 72 41 the
1009 2493 239 42 delusional
1280 2493 116 41 ideas
1419 2499 105 35 with
1547 2492 139 42 which
1710 2493 71 40 the
1804 2493 118 40 mind
1947 2493 35 41 is

363 2567 233 58 possessed.
660 2565 259 43 Sometimes
941 2564 74 42 the
1036 2563 223 43 enfeebled
1277 2563 89 41 will
1388 2563 35 41 is
1446 2567 76 36 not
1543 2561 174 55 capable
1740 2562 46 40 of
1804 2561 178 54 produc-

364 2640 75 42 ing
461 2652 110 28 even
592 2651 25 27 a
640 2636 199 55 whisper,
862 2634 165 42 though
1049 2634 45 41 in
1117 2633 73 41 the
1221 2636 185 51 attempt
1438 2638 42 35 to
1512 2631 131 55 speak
1666 2631 72 42 the
1769 2631 84 55 lips
1885 2645 97 41 may

364 2708 181 57 slightly
569 2707 84 42 and
671 2706 181 42 silently
874 2719 136 27 move.
1074 2704 131 41 Often
1227 2703 120 42 there
1371 2703 36 41 is
1439 2717 54 27 no
1530 2716 201 40 response
1753 2707 44 36 at
1817 2701 70 51 all,
1909 2707 76 36 not

363 2794 110 28 even
496 2778 88 42 this
606 2777 135 42 slight
772 2779 248 38 movement
1041 2776 45 40 of
1115 2774 72 41 the
1220 2773 94 55 lips.
1376 2773 90 42 The
1497 2773 214 41 attention
1743 2776 157 37 cannot
1931 2772 52 41 be

363 2849 156 44 roused
551 2849 108 41 from
684 2851 210 38 without;
927 2845 34 42 it
992 2845 36 42 is
1061 2858 160 28 wholly
1243 2843 301 42 concentrated
1578 2843 164 50 within,
1764 2855 115 42 upon
1912 2841 72 42 the

363 2920 163 44 mental
566 2918 219 55 suffering,
828 2931 47 28 or
907 2930 115 27 upon
1052 2914 219 43 delusions
1306 2927 47 28 or
1388 2913 343 42 hallucinations.
1804 2911 112 46 Such
1961 2925 24 27 a
