1895 3217
781 262 185 32 MEMOIR
999 262 53 33 OF
1086 262 200 33 BUFFON.

352 253 61 39 20

414 387 97 45 The
541 387 205 61 personal
779 402 274 46 appearance
1088 387 51 46 of
1165 386 165 47 Buffon
1353 385 37 47 is
1414 385 96 47 said
1532 391 45 40 to
1600 385 118 46 have

349 464 110 45 been
482 464 328 60 commanding^
837 464 136 44 while
996 464 72 45 his
1097 478 304 31 countenance
1424 479 93 29 was
1548 462 171 46 intelli-

347 546 118 55 gent.
534 541 98 44 The
655 555 264 45 engravings
944 540 150 44 which
1117 555 70 30 we
1208 540 118 45 have
1349 556 117 38 seen^
1491 546 227 54 represent

345 616 69 48 his
438 615 208 46 forehead
678 616 110 45 high
819 616 90 45 and
943 616 163 60 ample,
1131 617 84 44 but
1239 632 69 29 we
1340 617 160 44 should
1523 615 195 61 scarcely

348 708 78 45 say
443 693 104 45 that
569 693 71 44 his
659 707 303 30 countenance
981 707 93 30 was
1093 707 111 46 very
1220 691 340 62 prepossessing.
1629 691 88 45 His

348 769 88 60 gait
461 784 93 30 was
579 774 131 48 erect,
731 769 82 44 but
836 769 190 60 perhaps
1049 769 161 45 leaned
1233 784 27 29 a
1281 769 120 44 little
1424 783 122 30 more
1568 773 46 40 to
1637 768 79 44 the

346 850 114 40 strut
479 845 50 45 of
543 844 199 61 foppery,
761 851 115 39 than
898 851 46 39 to
963 860 28 30 a
1012 860 123 30 mein
1154 844 51 46 of
1219 844 191 62 dignity.
1460 844 57 45 In
1534 844 70 45 his
1623 844 92 44 dis-

344 920 188 60 position
555 921 58 45 he
637 936 142 30 seems
803 927 45 39 to
871 921 116 45 have
1020 922 114 44 been
1167 936 179 30 zealous
1382 920 91 45 and
1507 935 207 45 perseve-

343 996 111 60 ring,
492 997 90 44 and
615 1002 46 39 to
694 997 118 44 have
845 995 207 47 followed
1086 1003 78 39 out
1204 997 62 44 all
1295 997 70 44 his
1388 995 324 46 undertakings

344 1072 112 44 with
489 1078 125 54 great
642 1072 173 45 ardour.
885 1073 98 44 The
1017 1078 138 54 study
1179 1071 50 46 of
1251 1087 28 30 a
1313 1074 185 58 subject,
1524 1087 46 29 so
1594 1087 48 29 as
1665 1079 46 37 to

342 1148 178 59 acquire
559 1148 60 45 its
662 1163 217 45 mastery,
925 1154 124 39 must
1083 1148 210 45 however
1329 1148 118 45 have
1487 1155 92 37 cost
1613 1148 97 44 him

342 1224 299 46 considerable
663 1224 189 54 labour;
878 1224 91 45 and
990 1224 58 45 he
1072 1239 93 31 was
1184 1224 172 45 always
1380 1224 196 45 inclined
1593 1230 45 40 to
1657 1226 53 43 be

343 1301 70 44 led
436 1316 134 45 away
591 1301 64 60 by
678 1302 202 44 beauties
904 1315 48 30 or
974 1300 179 54 defects,
1179 1301 149 44 which
1351 1315 27 30 a
1400 1301 140 60 lively
1562 1316 149 44 power

341 1376 49 45 of
415 1376 295 61 imagination
742 1376 249 60 presented.
1060 1377 111 44 This
1194 1392 69 29 we
1287 1391 82 30 can
1401 1391 136 46 every
1560 1377 150 45 where

341 1460 117 38 trace
481 1452 47 46 in
551 1452 70 46 his
646 1451 201 62 writings
866 1468 15 38 ,*
916 1453 63 60 by
1012 1452 79 45 the
1124 1453 98 44 best
1250 1452 162 61 judges
1446 1452 113 61 they
1592 1453 117 45 have

343 1530 108 44 been
473 1528 282 61 pronounced
778 1527 191 62 elegant,
988 1529 83 44 but
1088 1543 122 30 more
1225 1528 223 45 attention
1471 1528 37 45 is
1533 1543 174 46 always

339 1605 131 60 given
500 1612 46 38 to
570 1611 78 39 the
673 1605 117 45 style
822 1604 91 45 and
935 1605 139 44 detail
1098 1620 48 29 as
1169 1604 36 45 it
1230 1620 131 39 were,
1387 1604 51 46 of
1463 1611 79 39 the
1566 1611 137 47 story,

339 1688 111 38 than
485 1688 47 38 to
570 1681 103 45 that
708 1680 115 45 rigid
860 1680 245 45 adherence
1144 1687 46 39 to
1225 1681 129 44 truth
1394 1681 148 45 which
1582 1681 38 45 is
1660 1697 45 30 so

338 1757 260 61 essentially
619 1756 205 46 required
857 1757 62 59 by
941 1762 79 39 the
1053 1757 253 45 naturalist.
1377 1757 110 45 This
1517 1773 109 45 may
1649 1759 55 44 be

336 1834 235 60 preserved
603 1839 195 39 without
832 1832 84 61 dry
939 1833 90 45 and
1062 1848 153 46 weary
1239 1833 152 53 detail,
1427 1834 90 44 and
1544 1840 48 39 at
1625 1834 79 45 the

337 1925 123 30 same
489 1916 113 39 time
633 1908 192 46 without
857 1909 260 61 wandering
1147 1909 311 62 theoretically
1484 1909 110 46 from
1625 1911 79 44 the

337 1988 184 44 subject.
558 1987 179 45 Nature
754 1991 199 55 presents
969 1984 310 48 innumerable
1294 1986 239 53 instances,
1554 2002 149 31 where

335 2063 125 44 there
478 2063 36 44 is
532 2078 57 28 no
606 2063 115 43 need
739 2061 50 46 of
797 2077 92 44 any
905 2063 376 53 embellishment,
1301 2063 180 45 beyond
1499 2070 78 38 the
1594 2065 108 58 garb

335 2138 47 45 in
405 2138 148 44 which
577 2152 78 30 she
677 2137 81 43 has
782 2136 184 60 already
983 2136 179 45 dressed
1175 2143 141 47 them,
1337 2138 90 44 and
1449 2139 149 44 where
1621 2139 80 45 the

336 2214 149 60 gaudy
500 2213 194 59 trickery
709 2210 50 47 of
768 2212 219 59 language
1002 2211 37 45 is
1057 2227 313 46 unnecessary,
1388 2219 45 40 to
1448 2229 101 45 give
1567 2215 131 45 addi-

337 2290 139 46 tional
497 2290 141 44 lustre
660 2294 46 39 to
729 2287 80 45 her
830 2287 223 45 beautiful
1083 2289 81 44 but
1191 2288 152 46 chaste
1365 2296 298 53 productions.

400 2364 424 60 Notwithstanding
846 2363 78 46 the
946 2364 107 44 hign
1082 2369 256 55 reputation
1361 2363 51 48 of
1430 2365 71 46 his
1532 2368 161 53 works,

336 2496 145 42 RufFon,
500 2491 88 37 -with
608 2497 61 30 the
689 2492 210 45 aristoci-acy
919 2491 39 34 of
982 2496 61 29 the
1069 2503 152 24 country
1287 2493 165 35 Breu'st.
1477 2493 215 39 Encyclop,

336 2561 82 36 Art.
443 2556 163 49 Buffon>
