1918 3140
1031 238 89 43 188

896 823 110 38 THE
1036 823 230 41 COUXIO.

728 914 184 39 Pithecia
929 917 480 38 satonas.—Humboldt.

916 1008 135 38 Plate
1081 1008 137 40 XXV.

388 1098 54 37 Le
463 1093 158 52 Couxio,
643 1098 165 38 Pithecia
831 1106 151 41 satanas,
1014 1101 221 37 Humboldt
1258 1100 85 37 and
1367 1100 233 48 Bonpland,
1621 1099 141 39 Obser-

440 1165 155 37 vations
609 1165 46 37 de
670 1165 194 46 Zoologie,
878 1179 35 35 p.
933 1167 99 45 314;
1053 1166 189 48 Geoffroy
1255 1167 121 37 Saint
1385 1166 179 44 Hilaire^
1580 1165 182 37 Annales

442 1231 55 36 du
516 1231 205 46 Museum^
739 1244 77 24 xix.
834 1244 33 36 p.
893 1232 235 38 115.—Saki
1155 1232 155 46 Couxio,
1334 1233 265 36 Desmarest's
1627 1232 128 35 Mam.

441 1296 179 38 malogie^
642 1310 35 35 p.
700 1297 60 37 89.

458 1389 103 44 The
586 1387 169 48 Couxio
779 1405 47 30 or
853 1389 192 47 Couchio
1061 1405 93 31 was
1179 1390 255 46 discovered
1450 1391 63 59 by
1530 1390 65 45 M.
1611 1388 154 48 Sieber

390 1465 48 45 in
475 1481 59 29 an
568 1465 258 61 expedition
856 1472 46 40 to
944 1467 159 51 Brasil,
1135 1482 134 31 made
1300 1473 49 39 at
1386 1473 80 39 the
1494 1480 193 47 expense
1715 1463 58 50 of

393 1543 149 45 Count
561 1543 352 61 Hofmannsegg,
931 1545 90 45 and
1044 1545 229 45 described
1295 1546 63 59 by
1381 1551 102 38 that
1506 1543 255 53 nobleman,

393 1619 114 45 with
539 1634 121 31 some
705 1626 127 39 other
876 1621 207 54 animals,
1125 1621 48 44 in
1212 1636 28 30 a
1279 1621 198 45 German
1511 1619 249 61 periodical.

395 1696 256 45 Humboldt
666 1696 81 46 has
766 1696 170 62 figured
953 1697 37 45 it
1013 1697 47 45 in
1074 1698 70 44 his
1163 1697 249 46 Zoological
1428 1695 335 54 Observations,

393 1772 114 46 from
531 1788 82 30 one
647 1772 51 47 of
725 1779 79 40 the
828 1789 245 30 specimens
1104 1789 103 29 now
1231 1774 182 44 alluded
1445 1779 61 46 to,
1540 1772 91 45 and
1662 1771 104 46 that

394 1865 124 45 plate
551 1849 82 46 has
658 1850 157 46 served
848 1851 92 46 also
975 1850 64 46 for
1062 1866 80 30 our
1163 1849 303 55 illustration;
1498 1848 38 47 it
1558 1848 38 46 is
1619 1863 149 47 repre-

397 1927 158 45 sented
578 1933 151 55 eating
751 1928 78 45 the
853 1927 108 47 fruit
986 1927 50 47 of
1050 1944 27 29 a
1101 1927 164 46 species
1289 1925 51 47 of
1354 1927 138 61 palm.

463 2005 98 44 The
584 2005 115 45 total
729 2005 155 45 length
913 2004 51 47 of
985 2011 79 39 the
1096 2019 186 39 animal,
1307 2003 231 61 including
1567 2003 79 45 the
1668 2002 99 54 tail,

398 2082 37 44 is
460 2082 137 45 about
619 2088 94 39 two
736 2080 89 48 feet
849 2081 106 46 nine
979 2082 167 53 inches,
1164 2082 89 44 and
1275 2088 79 38 the
1378 2081 148 45 colour
1547 2080 38 44 is
1604 2079 166 45 entire-

398 2158 51 60 ly
472 2158 51 46 of
537 2174 27 29 a
587 2158 320 62 dusky-black,
932 2160 124 60 paler
1084 2160 210 52 beneath,
1320 2158 149 44 where
1498 2157 78 45 the
1604 2155 100 46 hair
1732 2155 38 46 is

399 2251 111 45 very
534 2236 116 54 thin,
676 2236 90 45 and
790 2252 146 30 shews
960 2252 27 30 a
1009 2237 203 60 purplish
1243 2242 137 55 tinge,
1407 2234 170 46 similar
1599 2240 46 40 to
1667 2234 103 45 that

402 2311 50 47 of
476 2313 78 44 the
577 2311 94 47 face
694 2313 90 45 and
805 2314 160 45 hands.
1036 2314 97 45 The
1162 2313 84 45 tail
1275 2312 37 45 is
1336 2327 110 46 very
1468 2312 150 60 bushy
1636 2327 14 36 ;
1691 2310 79 44 the

402 2390 98 44 hair
539 2388 51 47 of
625 2389 37 45 it
698 2390 102 61 long
839 2391 90 44 and
969 2388 99 47 soft.
1145 2389 140 46 Little
1318 2388 37 46 is
1388 2389 182 52 known,
1611 2392 158 55 except

403 2466 102 46 that
529 2466 36 46 it
588 2466 38 46 is
650 2482 27 30 a
698 2473 154 40 native
876 2466 50 47 of
940 2468 78 44 the
1041 2466 156 46 forests
1221 2466 50 46 of
1287 2466 157 45 Brasil.

471 2542 66 47 Of
556 2550 188 40 another
777 2560 165 30 species
967 2560 69 30 we
1069 2544 116 46 have
1208 2558 121 31 more
1352 2542 294 61 knowledge;
1679 2540 92 47 and
