2149 3654
628 540 594 57 CONTENTS.

1677 1107 81 18 PAGE

657 821 220 43 PART
930 821 262 44 FIRST.

119 932 109 37 THE
254 929 350 39 FUNCTIONAL
633 930 300 37 DISORDERS
961 930 65 37 OF
1054 930 109 36 THE
1191 929 175 38 VOCAL
1395 930 337 37 MECHANISM.

785 1042 214 43 Chapter
1033 1042 32 41 I.

95 1138 60 37 On
173 1137 255 47 Stammering
448 1150 8 30 ;
483 1137 76 36 and
577 1149 47 24 on
644 1136 64 36 the
727 1136 124 48 Study
870 1136 40 37 of
925 1136 65 36 the
1009 1135 207 49 Alphabet,
1271 1159 10 13 -
1742 1137 11 32 1

772 1246 214 43 Chapter
1019 1246 59 42 II.

93 1333 231 48 Physiology
344 1333 40 36 of
401 1332 251 48 Whispering.
706 1331 217 47 Hysterical
945 1330 192 49 Aphonia.
1194 1331 217 36 Hysterical
1439 1331 172 36 Mutism.

191 1390 119 36 Other
323 1390 132 36 Forms
470 1389 40 37 of
524 1389 229 36 Functional
768 1388 187 47 Paralysis
971 1388 40 36 of
1021 1388 66 36 the
1100 1388 229 37 Adductors.
1383 1387 229 38 Functional

192 1448 161 35 Spasms.
408 1446 180 37 Bilateral
608 1446 186 37 Paralysis
812 1445 40 36 of
867 1445 66 37 the
953 1445 225 37 Abductors,
1601 1468 12 4 -
1715 1446 47 36 33

756 1557 213 42 Chapter
1008 1557 87 42 III.

93 1642 80 36 The
188 1642 183 37 Troubles
386 1642 39 37 of
437 1641 249 37 Professional
702 1641 250 37 Voice-Users
969 1655 9 31 ;
1006 1641 96 37 with
1116 1641 208 49 Appendix
1338 1654 39 24 as
1392 1646 38 31 to
1445 1641 170 37 Writer's

190 1699 149 49 Cramp,
448 1720 1164 16 --------
1715 1701 45 35 59

610 1868 221 43 PART
889 1868 353 46 SECOND.

93 1979 109 36 THE
229 1978 396 37 DEVELOPMENT
654 1978 65 36 OF
747 1978 203 37 SPEECH
969 1992 8 32 ;
1008 1978 115 36 AND
1151 1977 110 36 THE
1288 1977 475 37 DEVELOPMENTAL

698 2045 454 36 DERANGEMENTS.

762 2156 214 42 Chapter
1012 2156 77 41 IV.

92 2241 141 38 Sketch
253 2242 41 36 of
308 2242 64 36 the
392 2241 276 38 Development
687 2241 39 37 of
744 2242 198 49 Language
960 2242 40 36 in
1020 2241 65 37 the
1105 2240 161 38 Normal
1285 2241 127 37 Child,
1435 2264 12 4 -
1716 2243 45 36 87

778 2354 214 43 Chapter
1028 2353 52 42 V.

94 2439 80 36 The
193 2438 121 38 Three
333 2438 210 38 Functions
562 2439 40 37 of
616 2438 65 38 the
700 2439 126 37 Voice.
881 2438 144 38 Speech
1045 2438 40 37 of
1101 2438 121 37 Idiots
1240 2439 75 36 and
1336 2439 211 37 Imbeciles,
1603 2462 10 14 -
1696 2440 64 35 111

761 2551 215 42 Chapter
1010 2550 79 43 VI.

94 2635 215 38 Dumbness
340 2637 243 48 (Congenital
614 2637 186 49 Aphasia)
832 2637 41 36 in
906 2636 158 37 Persons
1094 2641 67 32 not
1192 2636 200 49 obviously
1420 2636 193 38 Imbecile.

190 2694 151 37 Lalling
368 2707 48 24 on
444 2694 130 49 Single
604 2696 246 36 Consonants.
906 2694 227 49 Congenital
1165 2694 188 37 Paralysis
1385 2694 40 37 of
1453 2694 137 38 Mouth
1609 2709 8 30 ;

189 2752 74 36 and
278 2752 89 37 Oral
383 2753 251 37 Deformities.
681 2753 318 37 Developmental
1015 2752 151 37 Defects
1179 2752 39 37 of
1227 2752 64 37 the
1304 2753 120 37 Vocal
1437 2753 178 37 Mechan-

190 2810 83 36 ism.
328 2810 225 49 Congenital
573 2811 218 36 Bradylalia
809 2811 76 36 and
904 2811 236 49 Logorrhoea.
1198 2810 285 47 Deaf-Mutism,
1697 2812 65 37 127

751 2923 215 43 Chapter
997 2922 107 42 VII.

94 2996 80 38 The
206 2998 276 49 Development
512 2998 40 37 of
581 2998 144 37 Speech
756 3000 41 34 in
828 2998 64 36 the
922 2998 158 36 Human
1113 2998 107 37 Race.
1276 2997 273 38 Classification
1580 2998 40 36 of

190 3054 226 50 Languages.
488 3056 134 37 Origin
657 3056 40 36 of
732 3056 167 37 Written
935 3056 210 48 Language.
1216 3055 82 37 The
1338 3056 205 35 Invention
1580 3056 40 35 of

191 3113 184 49 Printing.
431 3114 176 48 Printing
626 3113 56 37 for
700 3113 64 37 the
784 3113 127 36 Blind,
946 3135 11 5 -
1109 3134 13 6 -
1273 3134 13 6 -
1437 3134 13 5 -
1601 3133 13 6 -
1696 3112 64 35 149
