<?xml version="1.0" encoding="UTF-8"?>
<alto xmlns="http://www.loc.gov/standards/alto/ns-v2#" xmlns:xsi="http://www.w3.org/2001/XMLSchema-instance" xsi:schemaLocation="http://www.loc.gov/standards/alto/ns-v2# http://www.loc.gov/standards/alto/alto.xsd">
  <Description>
    <MeasurementUnit>pixel</MeasurementUnit>
    <sourceImageInformation>
      <fileName>b22031261_abbyy.xml</fileName>
    </sourceImageInformation>
    <OCRProcessing ID="OCR_1">
      <preProcessingStep>
        <processingDateTime>2016-02-11T05:40:32</processingDateTime>
        <processingAgency>intranda GmbH, www.intranda.com</processingAgency>
        <processingSoftware>
          <softwareCreator>intranda GmbH, Germany</softwareCreator>
          <softwareName>intranda OCR Module for TaskManager</softwareName>
          <softwareVersion>1.0r42</softwareVersion>
        </processingSoftware>
      </preProcessingStep>
      <ocrProcessingStep>
        <processingSoftware>
          <softwareCreator>ABBYY (BIT Software), Russia</softwareCreator>
          <softwareName>FineReader Engine</softwareName>
          <softwareVersion>10</softwareVersion>
        </processingSoftware>
      </ocrProcessingStep>
    </OCRProcessing>
  </Description>
  <Layout>
    <Page PHYSICAL_IMG_NR="19" ID="PAGE_19" WIDTH="1895" HEIGHT="3217">
      <TopMargin ID="TopMargin_5" HPOS="580" VPOS="339" WIDTH="933" HEIGHT="47">
        <TextBlock ID="TextBlock_1127" HPOS="580" VPOS="339" WIDTH="933" HEIGHT="47">
          <TextLine ID="TextLine_235" HPOS="1483" VPOS="339" WIDTH="30" HEIGHT="47">
            <String CONTENT="9" ID="Word_1172" HPOS="1483" VPOS="339" WIDTH="30" HEIGHT="47" />
          </TextLine>
          <TextLine ID="TextLine_234" HPOS="580" VPOS="341" WIDTH="509" HEIGHT="32">
            <String CONTENT="MEMOIR" ID="Word_1169" HPOS="580" VPOS="342" WIDTH="186" HEIGHT="31" />
            <SP ID="SP_938" HPOS="767" VPOS="342" WIDTH="32" HEIGHT="0" />
            <String CONTENT="OF" ID="Word_1170" HPOS="800" VPOS="342" WIDTH="54" HEIGHT="31" />
            <SP ID="SP_939" HPOS="855" VPOS="341" WIDTH="33" HEIGHT="0" />
            <String CONTENT="BUFFON." ID="Word_1171" HPOS="889" VPOS="341" WIDTH="200" HEIGHT="32" />
          </TextLine>
        </TextBlock>
      </TopMargin>
      <PrintSpace ID="PrintSpace_20" HPOS="149" VPOS="468" WIDTH="1377" HEIGHT="2204">
        <TextBlock ID="TextBlock_59" HPOS="149" VPOS="468" WIDTH="1377" HEIGHT="2204">
          <TextLine ID="TextLine_236" HPOS="151" VPOS="468" WIDTH="1363" HEIGHT="62">
            <String CONTENT="always" ID="Word_1173" HPOS="151" VPOS="468" WIDTH="172" HEIGHT="46" />
            <SP ID="SP_940" HPOS="324" VPOS="484" WIDTH="29" HEIGHT="0" />
            <String CONTENT="carried" ID="Word_1174" HPOS="354" VPOS="468" WIDTH="168" HEIGHT="46" />
            <SP ID="SP_941" HPOS="523" VPOS="469" WIDTH="31" HEIGHT="0" />
            <String CONTENT="a" ID="Word_1175" HPOS="555" VPOS="484" WIDTH="27" HEIGHT="30" />
            <SP ID="SP_942" HPOS="583" VPOS="484" WIDTH="31" HEIGHT="0" />
            <String CONTENT="copy" ID="Word_1176" HPOS="615" VPOS="484" WIDTH="112" HEIGHT="46" />
            <SP ID="SP_943" HPOS="728" VPOS="469" WIDTH="22" HEIGHT="0" />
            <String CONTENT="in" ID="Word_1177" HPOS="751" VPOS="469" WIDTH="47" HEIGHT="45" />
            <SP ID="SP_944" HPOS="799" VPOS="469" WIDTH="32" HEIGHT="0" />
            <String CONTENT="his" ID="Word_1178" HPOS="832" VPOS="469" WIDTH="70" HEIGHT="45" />
            <SP ID="SP_945" HPOS="903" VPOS="485" WIDTH="31" HEIGHT="0" />
            <String CONTENT="pocket," ID="Word_1179" HPOS="935" VPOS="471" WIDTH="175" HEIGHT="59" />
            <SP ID="SP_946" HPOS="1111" VPOS="486" WIDTH="32" HEIGHT="0" />
            <String CONTENT="and" ID="Word_1180" HPOS="1144" VPOS="471" WIDTH="90" HEIGHT="44" />
            <SP ID="SP_947" HPOS="1235" VPOS="471" WIDTH="29" HEIGHT="0" />
            <String CONTENT="was" ID="Word_1181" HPOS="1265" VPOS="486" WIDTH="93" HEIGHT="30" />
            <SP ID="SP_948" HPOS="1359" VPOS="486" WIDTH="33" HEIGHT="0" />
            <String CONTENT="often" ID="Word_1182" HPOS="1393" VPOS="479" WIDTH="121" HEIGHT="38" />
          </TextLine>
          <TextLine ID="TextLine_237" HPOS="150" VPOS="545" WIDTH="1360" HEIGHT="63">
            <String CONTENT="observed" ID="Word_1183" HPOS="150" VPOS="546" WIDTH="213" HEIGHT="46" />
            <SP ID="SP_949" HPOS="364" VPOS="546" WIDTH="27" HEIGHT="0" />
            <String CONTENT="to" ID="Word_1184" HPOS="392" VPOS="553" WIDTH="47" HEIGHT="39" />
            <SP ID="SP_950" HPOS="440" VPOS="562" WIDTH="28" HEIGHT="0" />
            <String CONTENT="retire" ID="Word_1185" HPOS="469" VPOS="546" WIDTH="133" HEIGHT="46" />
            <SP ID="SP_951" HPOS="603" VPOS="545" WIDTH="29" HEIGHT="0" />
            <String CONTENT="from" ID="Word_1186" HPOS="633" VPOS="545" WIDTH="113" HEIGHT="47" />
            <SP ID="SP_952" HPOS="747" VPOS="546" WIDTH="27" HEIGHT="0" />
            <String CONTENT="his" ID="Word_1187" HPOS="775" VPOS="546" WIDTH="70" HEIGHT="45" />
            <SP ID="SP_953" HPOS="846" VPOS="562" WIDTH="28" HEIGHT="0" />
            <String CONTENT="companions" ID="Word_1188" HPOS="875" VPOS="561" WIDTH="286" HEIGHT="31" />
            <SP ID="SP_954" HPOS="1162" VPOS="563" WIDTH="30" HEIGHT="0" />
            <String CONTENT="at" ID="Word_1189" HPOS="1193" VPOS="554" WIDTH="48" HEIGHT="38" />
            <SP ID="SP_955" HPOS="1242" VPOS="554" WIDTH="27" HEIGHT="0" />
            <String CONTENT="play," ID="Word_1190" HPOS="1270" VPOS="548" WIDTH="123" HEIGHT="60" />
            <SP ID="SP_956" HPOS="1394" VPOS="563" WIDTH="24" HEIGHT="0" />
            <String CONTENT="and" ID="Word_1191" HPOS="1419" VPOS="549" WIDTH="91" HEIGHT="45" />
          </TextLine>
          <TextLine ID="TextLine_238" HPOS="149" VPOS="622" WIDTH="1377" HEIGHT="63">
            <String CONTENT="to" ID="Word_1192" HPOS="149" VPOS="628" WIDTH="47" HEIGHT="40" />
            <SP ID="SP_957" HPOS="197" VPOS="637" WIDTH="22" HEIGHT="0" />
            <String CONTENT="attempt," ID="Word_1193" HPOS="220" VPOS="628" WIDTH="209" HEIGHT="56" />
            <SP ID="SP_958" HPOS="430" VPOS="622" WIDTH="23" HEIGHT="0" />
            <String CONTENT="in" ID="Word_1194" HPOS="454" VPOS="622" WIDTH="48" HEIGHT="46" />
            <SP ID="SP_959" HPOS="503" VPOS="639" WIDTH="29" HEIGHT="0" />
            <String CONTENT="some" ID="Word_1195" HPOS="533" VPOS="639" WIDTH="120" HEIGHT="30" />
            <SP ID="SP_960" HPOS="654" VPOS="639" WIDTH="30" HEIGHT="0" />
            <String CONTENT="solitary" ID="Word_1196" HPOS="685" VPOS="624" WIDTH="185" HEIGHT="61" />
            <SP ID="SP_961" HPOS="871" VPOS="639" WIDTH="22" HEIGHT="0" />
            <String CONTENT="comer," ID="Word_1197" HPOS="894" VPOS="638" WIDTH="165" HEIGHT="40" />
            <SP ID="SP_962" HPOS="1060" VPOS="630" WIDTH="30" HEIGHT="0" />
            <String CONTENT="the" ID="Word_1198" HPOS="1091" VPOS="630" WIDTH="80" HEIGHT="39" />
            <SP ID="SP_963" HPOS="1172" VPOS="639" WIDTH="26" HEIGHT="0" />
            <String CONTENT="resolution" ID="Word_1199" HPOS="1199" VPOS="624" WIDTH="245" HEIGHT="46" />
            <SP ID="SP_964" HPOS="1445" VPOS="639" WIDTH="27" HEIGHT="0" />
            <String CONTENT="of" ID="Word_1200" HPOS="1473" VPOS="624" WIDTH="53" HEIGHT="46" />
          </TextLine>
          <TextLine ID="TextLine_239" HPOS="150" VPOS="700" WIDTH="1230" HEIGHT="62">
            <String CONTENT="any" ID="Word_1201" HPOS="150" VPOS="714" WIDTH="93" HEIGHT="47" />
            <SP ID="SP_965" HPOS="244" VPOS="714" WIDTH="20" HEIGHT="0" />
            <String CONTENT="problem" ID="Word_1202" HPOS="265" VPOS="701" WIDTH="198" HEIGHT="60" />
            <SP ID="SP_966" HPOS="464" VPOS="715" WIDTH="22" HEIGHT="0" />
            <String CONTENT="with" ID="Word_1203" HPOS="487" VPOS="700" WIDTH="114" HEIGHT="46" />
            <SP ID="SP_967" HPOS="602" VPOS="700" WIDTH="21" HEIGHT="0" />
            <String CONTENT="which" ID="Word_1204" HPOS="624" VPOS="701" WIDTH="149" HEIGHT="44" />
            <SP ID="SP_968" HPOS="774" VPOS="701" WIDTH="21" HEIGHT="0" />
            <String CONTENT="he" ID="Word_1205" HPOS="796" VPOS="701" WIDTH="57" HEIGHT="44" />
            <SP ID="SP_969" HPOS="854" VPOS="701" WIDTH="21" HEIGHT="0" />
            <String CONTENT="had" ID="Word_1206" HPOS="876" VPOS="701" WIDTH="91" HEIGHT="45" />
            <SP ID="SP_970" HPOS="968" VPOS="701" WIDTH="21" HEIGHT="0" />
            <String CONTENT="been" ID="Word_1207" HPOS="990" VPOS="701" WIDTH="113" HEIGHT="45" />
            <SP ID="SP_971" HPOS="1104" VPOS="716" WIDTH="20" HEIGHT="0" />
            <String CONTENT="perplexed." ID="Word_1208" HPOS="1125" VPOS="702" WIDTH="255" HEIGHT="60" />
          </TextLine>
          <TextLine ID="TextLine_240" HPOS="215" VPOS="776" WIDTH="1301" HEIGHT="62">
            <String CONTENT="This" ID="Word_1209" HPOS="215" VPOS="776" WIDTH="112" HEIGHT="46" />
            <SP ID="SP_972" HPOS="328" VPOS="791" WIDTH="23" HEIGHT="0" />
            <String CONTENT="constant" ID="Word_1210" HPOS="352" VPOS="783" WIDTH="205" HEIGHT="39" />
            <SP ID="SP_973" HPOS="558" VPOS="783" WIDTH="32" HEIGHT="0" />
            <String CONTENT="study" ID="Word_1211" HPOS="591" VPOS="783" WIDTH="139" HEIGHT="55" />
            <SP ID="SP_974" HPOS="731" VPOS="792" WIDTH="29" HEIGHT="0" />
            <String CONTENT="and" ID="Word_1212" HPOS="761" VPOS="777" WIDTH="90" HEIGHT="45" />
            <SP ID="SP_975" HPOS="852" VPOS="777" WIDTH="25" HEIGHT="0" />
            <String CONTENT="perseverance," ID="Word_1213" HPOS="878" VPOS="793" WIDTH="330" HEIGHT="45" />
            <SP ID="SP_976" HPOS="1209" VPOS="793" WIDTH="34" HEIGHT="0" />
            <String CONTENT="at" ID="Word_1214" HPOS="1244" VPOS="784" WIDTH="48" HEIGHT="39" />
            <SP ID="SP_977" HPOS="1293" VPOS="784" WIDTH="22" HEIGHT="0" />
            <String CONTENT="a" ID="Word_1215" HPOS="1316" VPOS="793" WIDTH="26" HEIGHT="30" />
            <SP ID="SP_978" HPOS="1343" VPOS="793" WIDTH="20" HEIGHT="0" />
            <String CONTENT="period" ID="Word_1216" HPOS="1364" VPOS="778" WIDTH="152" HEIGHT="60" />
          </TextLine>
          <TextLine ID="TextLine_241" HPOS="152" VPOS="853" WIDTH="1363" HEIGHT="63">
            <String CONTENT="so" ID="Word_1217" HPOS="152" VPOS="868" WIDTH="46" HEIGHT="30" />
            <SP ID="SP_979" HPOS="199" VPOS="868" WIDTH="22" HEIGHT="0" />
            <String CONTENT="early," ID="Word_1218" HPOS="222" VPOS="868" WIDTH="138" HEIGHT="46" />
            <SP ID="SP_980" HPOS="361" VPOS="869" WIDTH="24" HEIGHT="0" />
            <String CONTENT="and" ID="Word_1219" HPOS="386" VPOS="855" WIDTH="90" HEIGHT="44" />
            <SP ID="SP_981" HPOS="477" VPOS="855" WIDTH="20" HEIGHT="0" />
            <String CONTENT="when" ID="Word_1220" HPOS="498" VPOS="854" WIDTH="134" HEIGHT="45" />
            <SP ID="SP_982" HPOS="633" VPOS="870" WIDTH="22" HEIGHT="0" />
            <String CONTENT="youthful" ID="Word_1221" HPOS="656" VPOS="854" WIDTH="213" HEIGHT="61" />
            <SP ID="SP_983" HPOS="870" VPOS="855" WIDTH="20" HEIGHT="0" />
            <String CONTENT="minds" ID="Word_1222" HPOS="891" VPOS="853" WIDTH="150" HEIGHT="46" />
            <SP ID="SP_984" HPOS="1042" VPOS="870" WIDTH="17" HEIGHT="0" />
            <String CONTENT="are" ID="Word_1223" HPOS="1060" VPOS="869" WIDTH="75" HEIGHT="30" />
            <SP ID="SP_985" HPOS="1136" VPOS="869" WIDTH="14" HEIGHT="0" />
            <String CONTENT="generally" ID="Word_1224" HPOS="1151" VPOS="855" WIDTH="230" HEIGHT="61" />
            <SP ID="SP_986" HPOS="1382" VPOS="870" WIDTH="15" HEIGHT="0" />
            <String CONTENT="most" ID="Word_1225" HPOS="1398" VPOS="861" WIDTH="117" HEIGHT="39" />
          </TextLine>
          <TextLine ID="TextLine_242" HPOS="151" VPOS="928" WIDTH="1364" HEIGHT="64">
            <String CONTENT="idly" ID="Word_1226" HPOS="151" VPOS="928" WIDTH="97" HEIGHT="62" />
            <SP ID="SP_987" HPOS="249" VPOS="929" WIDTH="22" HEIGHT="0" />
            <String CONTENT="inclined," ID="Word_1227" HPOS="272" VPOS="929" WIDTH="208" HEIGHT="55" />
            <SP ID="SP_988" HPOS="481" VPOS="947" WIDTH="18" HEIGHT="0" />
            <String CONTENT="was" ID="Word_1228" HPOS="500" VPOS="946" WIDTH="94" HEIGHT="30" />
            <SP ID="SP_989" HPOS="595" VPOS="946" WIDTH="17" HEIGHT="0" />
            <String CONTENT="attended" ID="Word_1229" HPOS="613" VPOS="931" WIDTH="217" HEIGHT="45" />
            <SP ID="SP_990" HPOS="831" VPOS="931" WIDTH="15" HEIGHT="0" />
            <String CONTENT="with" ID="Word_1230" HPOS="847" VPOS="930" WIDTH="114" HEIGHT="46" />
            <SP ID="SP_991" HPOS="962" VPOS="931" WIDTH="16" HEIGHT="0" />
            <String CONTENT="very" ID="Word_1231" HPOS="979" VPOS="946" WIDTH="111" HEIGHT="46" />
            <SP ID="SP_992" HPOS="1091" VPOS="932" WIDTH="20" HEIGHT="0" />
            <String CONTENT="brilliant" ID="Word_1232" HPOS="1112" VPOS="931" WIDTH="202" HEIGHT="45" />
            <SP ID="SP_993" HPOS="1315" VPOS="937" WIDTH="20" HEIGHT="0" />
            <String CONTENT="results." ID="Word_1233" HPOS="1336" VPOS="938" WIDTH="179" HEIGHT="38" />
          </TextLine>
          <TextLine ID="TextLine_243" HPOS="153" VPOS="1005" WIDTH="1363" HEIGHT="63">
            <String CONTENT="He" ID="Word_1234" HPOS="153" VPOS="1006" WIDTH="74" HEIGHT="45" />
            <SP ID="SP_994" HPOS="228" VPOS="1005" WIDTH="22" HEIGHT="0" />
            <String CONTENT="is" ID="Word_1235" HPOS="251" VPOS="1005" WIDTH="36" HEIGHT="46" />
            <SP ID="SP_995" HPOS="288" VPOS="1021" WIDTH="23" HEIGHT="0" />
            <String CONTENT="even" ID="Word_1236" HPOS="312" VPOS="1021" WIDTH="113" HEIGHT="30" />
            <SP ID="SP_996" HPOS="426" VPOS="1022" WIDTH="21" HEIGHT="0" />
            <String CONTENT="said" ID="Word_1237" HPOS="448" VPOS="1006" WIDTH="97" HEIGHT="46" />
            <SP ID="SP_997" HPOS="546" VPOS="1007" WIDTH="19" HEIGHT="0" />
            <String CONTENT="to" ID="Word_1238" HPOS="566" VPOS="1013" WIDTH="47" HEIGHT="40" />
            <SP ID="SP_998" HPOS="614" VPOS="1008" WIDTH="20" HEIGHT="0" />
            <String CONTENT="have" ID="Word_1239" HPOS="635" VPOS="1008" WIDTH="118" HEIGHT="45" />
            <SP ID="SP_999" HPOS="754" VPOS="1023" WIDTH="29" HEIGHT="0" />
            <String CONTENT="anticipated" ID="Word_1240" HPOS="784" VPOS="1007" WIDTH="277" HEIGHT="61" />
            <SP ID="SP_1000" HPOS="1062" VPOS="1008" WIDTH="22" HEIGHT="0" />
            <String CONTENT="Newton" ID="Word_1241" HPOS="1085" VPOS="1008" WIDTH="201" HEIGHT="45" />
            <SP ID="SP_1001" HPOS="1287" VPOS="1007" WIDTH="27" HEIGHT="0" />
            <String CONTENT="in" ID="Word_1242" HPOS="1315" VPOS="1007" WIDTH="48" HEIGHT="45" />
            <SP ID="SP_1002" HPOS="1364" VPOS="1023" WIDTH="30" HEIGHT="0" />
            <String CONTENT="some" ID="Word_1243" HPOS="1395" VPOS="1022" WIDTH="121" HEIGHT="30" />
          </TextLine>
          <TextLine ID="TextLine_244" HPOS="153" VPOS="1081" WIDTH="1364" HEIGHT="57">
            <String CONTENT="of" ID="Word_1244" HPOS="153" VPOS="1081" WIDTH="50" HEIGHT="46" />
            <SP ID="SP_1003" HPOS="204" VPOS="1081" WIDTH="22" HEIGHT="0" />
            <String CONTENT="his" ID="Word_1245" HPOS="227" VPOS="1082" WIDTH="70" HEIGHT="45" />
            <SP ID="SP_1004" HPOS="298" VPOS="1098" WIDTH="30" HEIGHT="0" />
            <String CONTENT="most" ID="Word_1246" HPOS="329" VPOS="1089" WIDTH="118" HEIGHT="39" />
            <SP ID="SP_1005" HPOS="448" VPOS="1089" WIDTH="28" HEIGHT="0" />
            <String CONTENT="remarkable" ID="Word_1247" HPOS="477" VPOS="1084" WIDTH="280" HEIGHT="45" />
            <SP ID="SP_1006" HPOS="758" VPOS="1084" WIDTH="28" HEIGHT="0" />
            <String CONTENT="discoveries," ID="Word_1248" HPOS="787" VPOS="1083" WIDTH="278" HEIGHT="55" />
            <SP ID="SP_1007" HPOS="1066" VPOS="1099" WIDTH="35" HEIGHT="0" />
            <String CONTENT="and" ID="Word_1249" HPOS="1102" VPOS="1085" WIDTH="90" HEIGHT="44" />
            <SP ID="SP_1008" HPOS="1193" VPOS="1083" WIDTH="31" HEIGHT="0" />
            <String CONTENT="in" ID="Word_1250" HPOS="1225" VPOS="1083" WIDTH="48" HEIGHT="45" />
            <SP ID="SP_1009" HPOS="1274" VPOS="1099" WIDTH="29" HEIGHT="0" />
            <String CONTENT="after" ID="Word_1251" HPOS="1304" VPOS="1082" WIDTH="115" HEIGHT="47" />
            <SP ID="SP_1010" HPOS="1420" VPOS="1084" WIDTH="19" HEIGHT="0" />
            <String CONTENT="life" ID="Word_1252" HPOS="1440" VPOS="1083" WIDTH="77" HEIGHT="46" />
          </TextLine>
          <TextLine ID="TextLine_245" HPOS="153" VPOS="1157" WIDTH="1364" HEIGHT="64">
            <String CONTENT="withheld" ID="Word_1253" HPOS="153" VPOS="1157" WIDTH="221" HEIGHT="48" />
            <SP ID="SP_1011" HPOS="375" VPOS="1160" WIDTH="20" HEIGHT="0" />
            <String CONTENT="the" ID="Word_1254" HPOS="396" VPOS="1166" WIDTH="78" HEIGHT="40" />
            <SP ID="SP_1012" HPOS="475" VPOS="1175" WIDTH="21" HEIGHT="0" />
            <String CONTENT="circumstances," ID="Word_1255" HPOS="497" VPOS="1160" WIDTH="359" HEIGHT="54" />
            <SP ID="SP_1013" HPOS="857" VPOS="1177" WIDTH="30" HEIGHT="0" />
            <String CONTENT="upon" ID="Word_1256" HPOS="888" VPOS="1176" WIDTH="121" HEIGHT="29" />
            <SP ID="SP_1014" HPOS="1010" VPOS="1176" WIDTH="22" HEIGHT="0" />
            <String CONTENT="a" ID="Word_1257" HPOS="1033" VPOS="1176" WIDTH="27" HEIGHT="29" />
            <SP ID="SP_1015" HPOS="1061" VPOS="1176" WIDTH="19" HEIGHT="0" />
            <String CONTENT="principle" ID="Word_1258" HPOS="1081" VPOS="1160" WIDTH="215" HEIGHT="61" />
            <SP ID="SP_1016" HPOS="1297" VPOS="1175" WIDTH="22" HEIGHT="0" />
            <String CONTENT="of" ID="Word_1259" HPOS="1320" VPOS="1159" WIDTH="51" HEIGHT="46" />
            <SP ID="SP_1017" HPOS="1372" VPOS="1159" WIDTH="22" HEIGHT="0" />
            <String CONTENT="some" ID="Word_1260" HPOS="1395" VPOS="1175" WIDTH="122" HEIGHT="30" />
          </TextLine>
          <TextLine ID="TextLine_246" HPOS="153" VPOS="1234" WIDTH="1360" HEIGHT="63">
            <String CONTENT="singularity," ID="Word_1261" HPOS="153" VPOS="1234" WIDTH="286" HEIGHT="62" />
            <SP ID="SP_1018" HPOS="440" VPOS="1252" WIDTH="24" HEIGHT="0" />
            <String CONTENT="and" ID="Word_1262" HPOS="465" VPOS="1237" WIDTH="90" HEIGHT="44" />
            <SP ID="SP_1019" HPOS="556" VPOS="1237" WIDTH="17" HEIGHT="0" />
            <String CONTENT="at" ID="Word_1263" HPOS="574" VPOS="1243" WIDTH="47" HEIGHT="39" />
            <SP ID="SP_1020" HPOS="622" VPOS="1243" WIDTH="16" HEIGHT="0" />
            <String CONTENT="variance" ID="Word_1264" HPOS="639" VPOS="1252" WIDTH="206" HEIGHT="30" />
            <SP ID="SP_1021" HPOS="846" VPOS="1252" WIDTH="17" HEIGHT="0" />
            <String CONTENT="with" ID="Word_1265" HPOS="864" VPOS="1236" WIDTH="114" HEIGHT="45" />
            <SP ID="SP_1022" HPOS="979" VPOS="1237" WIDTH="18" HEIGHT="0" />
            <String CONTENT="his" ID="Word_1266" HPOS="998" VPOS="1236" WIDTH="70" HEIGHT="45" />
            <SP ID="SP_1023" HPOS="1069" VPOS="1235" WIDTH="17" HEIGHT="0" />
            <String CONTENT="failing" ID="Word_1267" HPOS="1087" VPOS="1235" WIDTH="156" HEIGHT="62" />
            <SP ID="SP_1024" HPOS="1244" VPOS="1251" WIDTH="16" HEIGHT="0" />
            <String CONTENT="of" ID="Word_1268" HPOS="1261" VPOS="1235" WIDTH="49" HEIGHT="46" />
            <SP ID="SP_1025" HPOS="1311" VPOS="1235" WIDTH="13" HEIGHT="0" />
            <String CONTENT="vanity" ID="Word_1269" HPOS="1325" VPOS="1236" WIDTH="161" HEIGHT="60" />
            <SP ID="SP_1026" HPOS="1487" VPOS="1252" WIDTH="15" HEIGHT="0" />
            <String CONTENT=":" ID="Word_1270" HPOS="1503" VPOS="1253" WIDTH="10" HEIGHT="27" />
          </TextLine>
          <TextLine ID="TextLine_247" HPOS="152" VPOS="1310" WIDTH="1285" HEIGHT="63">
            <String CONTENT="he" ID="Word_1271" HPOS="152" VPOS="1310" WIDTH="58" HEIGHT="45" />
            <SP ID="SP_1027" HPOS="211" VPOS="1326" WIDTH="32" HEIGHT="0" />
            <String CONTENT="said," ID="Word_1272" HPOS="244" VPOS="1311" WIDTH="112" HEIGHT="54" />
            <SP ID="SP_1028" HPOS="357" VPOS="1319" WIDTH="89" HEIGHT="0" />
            <String CONTENT="that" ID="Word_1273" HPOS="447" VPOS="1319" WIDTH="103" HEIGHT="39" />
            <SP ID="SP_1029" HPOS="551" VPOS="1320" WIDTH="21" HEIGHT="0" />
            <String CONTENT="nobody" ID="Word_1274" HPOS="573" VPOS="1314" WIDTH="180" HEIGHT="59" />
            <SP ID="SP_1030" HPOS="754" VPOS="1329" WIDTH="22" HEIGHT="0" />
            <String CONTENT="was" ID="Word_1275" HPOS="777" VPOS="1328" WIDTH="94" HEIGHT="29" />
            <SP ID="SP_1031" HPOS="872" VPOS="1328" WIDTH="23" HEIGHT="0" />
            <String CONTENT="obliged" ID="Word_1276" HPOS="896" VPOS="1312" WIDTH="174" HEIGHT="45" />
            <SP ID="SP_1032" HPOS="1071" VPOS="1312" WIDTH="20" HEIGHT="0" />
            <String CONTENT="to" ID="Word_1277" HPOS="1092" VPOS="1318" WIDTH="46" HEIGHT="39" />
            <SP ID="SP_1033" HPOS="1139" VPOS="1313" WIDTH="21" HEIGHT="0" />
            <String CONTENT="believe" ID="Word_1278" HPOS="1161" VPOS="1312" WIDTH="172" HEIGHT="45" />
            <SP ID="SP_1034" HPOS="1334" VPOS="1311" WIDTH="21" HEIGHT="0" />
            <String CONTENT="it.”" ID="Word_1279" HPOS="1356" VPOS="1311" WIDTH="81" HEIGHT="46" />
          </TextLine>
          <TextLine ID="TextLine_248" HPOS="218" VPOS="1386" WIDTH="1301" HEIGHT="48">
            <String CONTENT="At" ID="Word_1280" HPOS="218" VPOS="1386" WIDTH="66" HEIGHT="46" />
            <SP ID="SP_1035" HPOS="285" VPOS="1394" WIDTH="44" HEIGHT="0" />
            <String CONTENT="the" ID="Word_1281" HPOS="330" VPOS="1394" WIDTH="78" HEIGHT="39" />
            <SP ID="SP_1036" HPOS="409" VPOS="1404" WIDTH="43" HEIGHT="0" />
            <String CONTENT="college" ID="Word_1282" HPOS="453" VPOS="1389" WIDTH="162" HEIGHT="45" />
            <SP ID="SP_1037" HPOS="616" VPOS="1404" WIDTH="43" HEIGHT="0" />
            <String CONTENT="of" ID="Word_1283" HPOS="660" VPOS="1388" WIDTH="51" HEIGHT="46" />
            <SP ID="SP_1038" HPOS="712" VPOS="1388" WIDTH="34" HEIGHT="0" />
            <String CONTENT="Dijon" ID="Word_1284" HPOS="747" VPOS="1388" WIDTH="137" HEIGHT="46" />
            <SP ID="SP_1039" HPOS="885" VPOS="1389" WIDTH="35" HEIGHT="0" />
            <String CONTENT="he" ID="Word_1285" HPOS="921" VPOS="1389" WIDTH="58" HEIGHT="45" />
            <SP ID="SP_1040" HPOS="980" VPOS="1390" WIDTH="43" HEIGHT="0" />
            <String CONTENT="became" ID="Word_1286" HPOS="1024" VPOS="1390" WIDTH="180" HEIGHT="43" />
            <SP ID="SP_1041" HPOS="1205" VPOS="1403" WIDTH="43" HEIGHT="0" />
            <String CONTENT="acquainted" ID="Word_1287" HPOS="1249" VPOS="1394" WIDTH="270" HEIGHT="39" />
          </TextLine>
          <TextLine ID="TextLine_249" HPOS="153" VPOS="1463" WIDTH="1366" HEIGHT="63">
            <String CONTENT="with" ID="Word_1288" HPOS="153" VPOS="1463" WIDTH="113" HEIGHT="46" />
            <SP ID="SP_1042" HPOS="267" VPOS="1464" WIDTH="23" HEIGHT="0" />
            <String CONTENT="Lord" ID="Word_1289" HPOS="291" VPOS="1465" WIDTH="117" HEIGHT="45" />
            <SP ID="SP_1043" HPOS="409" VPOS="1465" WIDTH="21" HEIGHT="0" />
            <String CONTENT="Kingston," ID="Word_1290" HPOS="431" VPOS="1466" WIDTH="242" HEIGHT="60" />
            <SP ID="SP_1044" HPOS="674" VPOS="1481" WIDTH="24" HEIGHT="0" />
            <String CONTENT="a" ID="Word_1291" HPOS="699" VPOS="1481" WIDTH="27" HEIGHT="29" />
            <SP ID="SP_1045" HPOS="727" VPOS="1481" WIDTH="21" HEIGHT="0" />
            <String CONTENT="young" ID="Word_1292" HPOS="749" VPOS="1480" WIDTH="152" HEIGHT="46" />
            <SP ID="SP_1046" HPOS="902" VPOS="1480" WIDTH="19" HEIGHT="0" />
            <String CONTENT="nobleman" ID="Word_1293" HPOS="922" VPOS="1466" WIDTH="240" HEIGHT="44" />
            <SP ID="SP_1047" HPOS="1163" VPOS="1480" WIDTH="22" HEIGHT="0" />
            <String CONTENT="who" ID="Word_1294" HPOS="1186" VPOS="1480" WIDTH="102" HEIGHT="29" />
            <SP ID="SP_1048" HPOS="1289" VPOS="1480" WIDTH="18" HEIGHT="0" />
            <String CONTENT="was" ID="Word_1295" HPOS="1308" VPOS="1480" WIDTH="93" HEIGHT="30" />
            <SP ID="SP_1049" HPOS="1402" VPOS="1471" WIDTH="21" HEIGHT="0" />
            <String CONTENT="tra-" ID="Word_1296" HPOS="1424" VPOS="1471" WIDTH="95" HEIGHT="39" />
          </TextLine>
          <TextLine ID="TextLine_250" HPOS="152" VPOS="1539" WIDTH="1367" HEIGHT="64">
            <String CONTENT="velling," ID="Word_1297" HPOS="152" VPOS="1541" WIDTH="181" HEIGHT="61" />
            <SP ID="SP_1050" HPOS="334" VPOS="1557" WIDTH="31" HEIGHT="0" />
            <String CONTENT="accompanied" ID="Word_1298" HPOS="366" VPOS="1541" WIDTH="314" HEIGHT="47" />
            <SP ID="SP_1051" HPOS="681" VPOS="1542" WIDTH="23" HEIGHT="0" />
            <String CONTENT="by" ID="Word_1299" HPOS="705" VPOS="1543" WIDTH="63" HEIGHT="60" />
            <SP ID="SP_1052" HPOS="769" VPOS="1557" WIDTH="22" HEIGHT="0" />
            <String CONTENT="a" ID="Word_1300" HPOS="792" VPOS="1557" WIDTH="27" HEIGHT="29" />
            <SP ID="SP_1053" HPOS="820" VPOS="1547" WIDTH="20" HEIGHT="0" />
            <String CONTENT="tutor." ID="Word_1301" HPOS="841" VPOS="1547" WIDTH="137" HEIGHT="40" />
            <SP ID="SP_1054" HPOS="979" VPOS="1542" WIDTH="68" HEIGHT="0" />
            <String CONTENT="Buffon" ID="Word_1302" HPOS="1048" VPOS="1540" WIDTH="164" HEIGHT="47" />
            <SP ID="SP_1055" HPOS="1213" VPOS="1539" WIDTH="25" HEIGHT="0" />
            <String CONTENT="fortunately" ID="Word_1303" HPOS="1239" VPOS="1539" WIDTH="280" HEIGHT="63" />
          </TextLine>
          <TextLine ID="TextLine_251" HPOS="157" VPOS="1618" WIDTH="1362" HEIGHT="61">
            <String CONTENT="became" ID="Word_1304" HPOS="157" VPOS="1618" WIDTH="176" HEIGHT="46" />
            <SP ID="SP_1056" HPOS="334" VPOS="1634" WIDTH="21" HEIGHT="0" />
            <String CONTENT="acquainted" ID="Word_1305" HPOS="356" VPOS="1618" WIDTH="268" HEIGHT="61" />
            <SP ID="SP_1057" HPOS="625" VPOS="1620" WIDTH="22" HEIGHT="0" />
            <String CONTENT="with" ID="Word_1306" HPOS="648" VPOS="1619" WIDTH="113" HEIGHT="45" />
            <SP ID="SP_1058" HPOS="762" VPOS="1619" WIDTH="20" HEIGHT="0" />
            <String CONTENT="both;" ID="Word_1307" HPOS="783" VPOS="1620" WIDTH="139" HEIGHT="52" />
            <SP ID="SP_1059" HPOS="923" VPOS="1634" WIDTH="25" HEIGHT="0" />
            <String CONTENT="and" ID="Word_1308" HPOS="949" VPOS="1618" WIDTH="90" HEIGHT="45" />
            <SP ID="SP_1060" HPOS="1040" VPOS="1618" WIDTH="19" HEIGHT="0" />
            <String CONTENT="the" ID="Word_1309" HPOS="1060" VPOS="1619" WIDTH="80" HEIGHT="45" />
            <SP ID="SP_1061" HPOS="1141" VPOS="1618" WIDTH="20" HEIGHT="0" />
            <String CONTENT="latter," ID="Word_1310" HPOS="1162" VPOS="1618" WIDTH="150" HEIGHT="54" />
            <SP ID="SP_1062" HPOS="1313" VPOS="1619" WIDTH="23" HEIGHT="0" />
            <String CONTENT="being" ID="Word_1311" HPOS="1337" VPOS="1619" WIDTH="133" HEIGHT="60" />
            <SP ID="SP_1063" HPOS="1471" VPOS="1634" WIDTH="21" HEIGHT="0" />
            <String CONTENT="a" ID="Word_1312" HPOS="1493" VPOS="1634" WIDTH="26" HEIGHT="29" />
          </TextLine>
          <TextLine ID="TextLine_252" HPOS="151" VPOS="1694" WIDTH="1368" HEIGHT="55">
            <String CONTENT="man" ID="Word_1313" HPOS="151" VPOS="1709" WIDTH="108" HEIGHT="30" />
            <SP ID="SP_1064" HPOS="260" VPOS="1710" WIDTH="22" HEIGHT="0" />
            <String CONTENT="of" ID="Word_1314" HPOS="283" VPOS="1694" WIDTH="50" HEIGHT="46" />
            <SP ID="SP_1065" HPOS="334" VPOS="1694" WIDTH="20" HEIGHT="0" />
            <String CONTENT="considerable" ID="Word_1315" HPOS="355" VPOS="1695" WIDTH="299" HEIGHT="46" />
            <SP ID="SP_1066" HPOS="655" VPOS="1711" WIDTH="26" HEIGHT="0" />
            <String CONTENT="attainments," ID="Word_1316" HPOS="682" VPOS="1702" WIDTH="313" HEIGHT="47" />
            <SP ID="SP_1067" HPOS="996" VPOS="1711" WIDTH="24" HEIGHT="0" />
            <String CONTENT="and" ID="Word_1317" HPOS="1021" VPOS="1696" WIDTH="90" HEIGHT="44" />
            <SP ID="SP_1068" HPOS="1112" VPOS="1696" WIDTH="29" HEIGHT="0" />
            <String CONTENT="devoted" ID="Word_1318" HPOS="1142" VPOS="1695" WIDTH="192" HEIGHT="45" />
            <SP ID="SP_1069" HPOS="1335" VPOS="1695" WIDTH="27" HEIGHT="0" />
            <String CONTENT="to" ID="Word_1319" HPOS="1363" VPOS="1700" WIDTH="46" HEIGHT="40" />
            <SP ID="SP_1070" HPOS="1410" VPOS="1701" WIDTH="29" HEIGHT="0" />
            <String CONTENT="the" ID="Word_1320" HPOS="1440" VPOS="1695" WIDTH="79" HEIGHT="44" />
          </TextLine>
          <TextLine ID="TextLine_253" HPOS="153" VPOS="1770" WIDTH="1366" HEIGHT="63">
            <String CONTENT="sciences," ID="Word_1321" HPOS="153" VPOS="1770" WIDTH="205" HEIGHT="55" />
            <SP ID="SP_1071" HPOS="359" VPOS="1771" WIDTH="23" HEIGHT="0" />
            <String CONTENT="found" ID="Word_1322" HPOS="383" VPOS="1771" WIDTH="139" HEIGHT="46" />
            <SP ID="SP_1072" HPOS="523" VPOS="1772" WIDTH="20" HEIGHT="0" />
            <String CONTENT="a" ID="Word_1323" HPOS="544" VPOS="1787" WIDTH="28" HEIGHT="30" />
            <SP ID="SP_1073" HPOS="573" VPOS="1787" WIDTH="26" HEIGHT="0" />
            <String CONTENT="ready" ID="Word_1324" HPOS="600" VPOS="1773" WIDTH="140" HEIGHT="60" />
            <SP ID="SP_1074" HPOS="741" VPOS="1787" WIDTH="21" HEIGHT="0" />
            <String CONTENT="access" ID="Word_1325" HPOS="763" VPOS="1787" WIDTH="145" HEIGHT="30" />
            <SP ID="SP_1075" HPOS="909" VPOS="1778" WIDTH="20" HEIGHT="0" />
            <String CONTENT="to" ID="Word_1326" HPOS="930" VPOS="1778" WIDTH="47" HEIGHT="39" />
            <SP ID="SP_1076" HPOS="978" VPOS="1778" WIDTH="21" HEIGHT="0" />
            <String CONTENT="the" ID="Word_1327" HPOS="1000" VPOS="1778" WIDTH="78" HEIGHT="39" />
            <SP ID="SP_1077" HPOS="1079" VPOS="1787" WIDTH="21" HEIGHT="0" />
            <String CONTENT="mind" ID="Word_1328" HPOS="1101" VPOS="1771" WIDTH="128" HEIGHT="45" />
            <SP ID="SP_1078" HPOS="1230" VPOS="1771" WIDTH="22" HEIGHT="0" />
            <String CONTENT="of" ID="Word_1329" HPOS="1253" VPOS="1770" WIDTH="50" HEIGHT="47" />
            <SP ID="SP_1079" HPOS="1304" VPOS="1770" WIDTH="19" HEIGHT="0" />
            <String CONTENT="a" ID="Word_1330" HPOS="1324" VPOS="1786" WIDTH="27" HEIGHT="30" />
            <SP ID="SP_1080" HPOS="1352" VPOS="1786" WIDTH="21" HEIGHT="0" />
            <String CONTENT="youth" ID="Word_1331" HPOS="1374" VPOS="1771" WIDTH="145" HEIGHT="61" />
          </TextLine>
          <TextLine ID="TextLine_254" HPOS="154" VPOS="1847" WIDTH="1364" HEIGHT="47">
            <String CONTENT="endowed" ID="Word_1332" HPOS="154" VPOS="1847" WIDTH="217" HEIGHT="46" />
            <SP ID="SP_1081" HPOS="372" VPOS="1848" WIDTH="42" HEIGHT="0" />
            <String CONTENT="with" ID="Word_1333" HPOS="415" VPOS="1847" WIDTH="115" HEIGHT="46" />
            <SP ID="SP_1082" HPOS="531" VPOS="1849" WIDTH="43" HEIGHT="0" />
            <String CONTENT="such" ID="Word_1334" HPOS="575" VPOS="1849" WIDTH="108" HEIGHT="45" />
            <SP ID="SP_1083" HPOS="684" VPOS="1849" WIDTH="42" HEIGHT="0" />
            <String CONTENT="temper" ID="Word_1335" HPOS="727" VPOS="1855" WIDTH="175" HEIGHT="38" />
            <SP ID="SP_1084" HPOS="903" VPOS="1863" WIDTH="37" HEIGHT="0" />
            <String CONTENT="and" ID="Word_1336" HPOS="941" VPOS="1848" WIDTH="90" HEIGHT="45" />
            <SP ID="SP_1085" HPOS="1032" VPOS="1848" WIDTH="37" HEIGHT="0" />
            <String CONTENT="abilities." ID="Word_1337" HPOS="1070" VPOS="1847" WIDTH="208" HEIGHT="45" />
            <SP ID="SP_1086" HPOS="1279" VPOS="1848" WIDTH="68" HEIGHT="0" />
            <String CONTENT="It" ID="Word_1338" HPOS="1348" VPOS="1848" WIDTH="44" HEIGHT="44" />
            <SP ID="SP_1087" HPOS="1393" VPOS="1854" WIDTH="31" HEIGHT="0" />
            <String CONTENT="was" ID="Word_1339" HPOS="1425" VPOS="1863" WIDTH="93" HEIGHT="29" />
          </TextLine>
          <TextLine ID="TextLine_255" HPOS="154" VPOS="1923" WIDTH="1365" HEIGHT="62">
            <String CONTENT="agreed" ID="Word_1340" HPOS="154" VPOS="1924" WIDTH="158" HEIGHT="60" />
            <SP ID="SP_1088" HPOS="313" VPOS="1924" WIDTH="20" HEIGHT="0" />
            <String CONTENT="that" ID="Word_1341" HPOS="334" VPOS="1925" WIDTH="102" HEIGHT="45" />
            <SP ID="SP_1089" HPOS="437" VPOS="1926" WIDTH="21" HEIGHT="0" />
            <String CONTENT="he" ID="Word_1342" HPOS="459" VPOS="1926" WIDTH="57" HEIGHT="44" />
            <SP ID="SP_1090" HPOS="517" VPOS="1941" WIDTH="26" HEIGHT="0" />
            <String CONTENT="should" ID="Word_1343" HPOS="544" VPOS="1926" WIDTH="161" HEIGHT="44" />
            <SP ID="SP_1091" HPOS="706" VPOS="1926" WIDTH="29" HEIGHT="0" />
            <String CONTENT="accompany" ID="Word_1344" HPOS="736" VPOS="1939" WIDTH="273" HEIGHT="46" />
            <SP ID="SP_1092" HPOS="1010" VPOS="1931" WIDTH="21" HEIGHT="0" />
            <String CONTENT="them" ID="Word_1345" HPOS="1032" VPOS="1925" WIDTH="127" HEIGHT="44" />
            <SP ID="SP_1093" HPOS="1160" VPOS="1923" WIDTH="22" HEIGHT="0" />
            <String CONTENT="in" ID="Word_1346" HPOS="1183" VPOS="1923" WIDTH="47" HEIGHT="45" />
            <SP ID="SP_1094" HPOS="1231" VPOS="1930" WIDTH="28" HEIGHT="0" />
            <String CONTENT="the" ID="Word_1347" HPOS="1260" VPOS="1930" WIDTH="79" HEIGHT="38" />
            <SP ID="SP_1095" HPOS="1340" VPOS="1939" WIDTH="27" HEIGHT="0" />
            <String CONTENT="prose-" ID="Word_1348" HPOS="1368" VPOS="1939" WIDTH="151" HEIGHT="44" />
          </TextLine>
          <TextLine ID="TextLine_256" HPOS="154" VPOS="2000" WIDTH="1365" HEIGHT="59">
            <String CONTENT="cution" ID="Word_1349" HPOS="154" VPOS="2007" WIDTH="151" HEIGHT="38" />
            <SP ID="SP_1096" HPOS="306" VPOS="2016" WIDTH="22" HEIGHT="0" />
            <String CONTENT="of" ID="Word_1350" HPOS="329" VPOS="2000" WIDTH="50" HEIGHT="46" />
            <SP ID="SP_1097" HPOS="380" VPOS="2000" WIDTH="11" HEIGHT="0" />
            <String CONTENT="their" ID="Word_1351" HPOS="392" VPOS="2002" WIDTH="119" HEIGHT="44" />
            <SP ID="SP_1098" HPOS="512" VPOS="2008" WIDTH="19" HEIGHT="0" />
            <String CONTENT="travels," ID="Word_1352" HPOS="532" VPOS="2008" WIDTH="181" HEIGHT="46" />
            <SP ID="SP_1099" HPOS="714" VPOS="2016" WIDTH="25" HEIGHT="0" />
            <String CONTENT="and" ID="Word_1353" HPOS="740" VPOS="2002" WIDTH="90" HEIGHT="43" />
            <SP ID="SP_1100" HPOS="831" VPOS="2002" WIDTH="19" HEIGHT="0" />
            <String CONTENT="he" ID="Word_1354" HPOS="851" VPOS="2002" WIDTH="58" HEIGHT="43" />
            <SP ID="SP_1101" HPOS="910" VPOS="2002" WIDTH="21" HEIGHT="0" />
            <String CONTENT="became" ID="Word_1355" HPOS="932" VPOS="2002" WIDTH="182" HEIGHT="43" />
            <SP ID="SP_1102" HPOS="1115" VPOS="2016" WIDTH="22" HEIGHT="0" />
            <String CONTENT="equally" ID="Word_1356" HPOS="1138" VPOS="2000" WIDTH="182" HEIGHT="59" />
            <SP ID="SP_1103" HPOS="1321" VPOS="2014" WIDTH="22" HEIGHT="0" />
            <String CONTENT="accept-" ID="Word_1357" HPOS="1344" VPOS="2006" WIDTH="175" HEIGHT="53" />
          </TextLine>
          <TextLine ID="TextLine_257" HPOS="155" VPOS="2075" WIDTH="1361" HEIGHT="62">
            <String CONTENT="able" ID="Word_1358" HPOS="155" VPOS="2078" WIDTH="98" HEIGHT="43" />
            <SP ID="SP_1104" HPOS="254" VPOS="2083" WIDTH="31" HEIGHT="0" />
            <String CONTENT="to" ID="Word_1359" HPOS="286" VPOS="2083" WIDTH="47" HEIGHT="38" />
            <SP ID="SP_1105" HPOS="334" VPOS="2077" WIDTH="31" HEIGHT="0" />
            <String CONTENT="his" ID="Word_1360" HPOS="366" VPOS="2077" WIDTH="71" HEIGHT="44" />
            <SP ID="SP_1106" HPOS="438" VPOS="2076" WIDTH="32" HEIGHT="0" />
            <String CONTENT="friends," ID="Word_1361" HPOS="471" VPOS="2076" WIDTH="181" HEIGHT="54" />
            <SP ID="SP_1107" HPOS="653" VPOS="2092" WIDTH="34" HEIGHT="0" />
            <String CONTENT="and" ID="Word_1362" HPOS="688" VPOS="2077" WIDTH="90" HEIGHT="44" />
            <SP ID="SP_1108" HPOS="779" VPOS="2077" WIDTH="30" HEIGHT="0" />
            <String CONTENT="pleased" ID="Word_1363" HPOS="810" VPOS="2076" WIDTH="181" HEIGHT="61" />
            <SP ID="SP_1109" HPOS="992" VPOS="2076" WIDTH="28" HEIGHT="0" />
            <String CONTENT="with" ID="Word_1364" HPOS="1021" VPOS="2075" WIDTH="114" HEIGHT="45" />
            <SP ID="SP_1110" HPOS="1136" VPOS="2076" WIDTH="34" HEIGHT="0" />
            <String CONTENT="their" ID="Word_1365" HPOS="1171" VPOS="2076" WIDTH="116" HEIGHT="44" />
            <SP ID="SP_1111" HPOS="1288" VPOS="2091" WIDTH="31" HEIGHT="0" />
            <String CONTENT="society;" ID="Word_1366" HPOS="1320" VPOS="2082" WIDTH="196" HEIGHT="47" />
          </TextLine>
          <TextLine ID="TextLine_258" HPOS="156" VPOS="2151" WIDTH="1362" HEIGHT="63">
            <String CONTENT="afterwards" ID="Word_1367" HPOS="156" VPOS="2151" WIDTH="261" HEIGHT="47" />
            <SP ID="SP_1112" HPOS="418" VPOS="2169" WIDTH="21" HEIGHT="0" />
            <String CONTENT="remarking," ID="Word_1368" HPOS="440" VPOS="2154" WIDTH="269" HEIGHT="60" />
            <SP ID="SP_1113" HPOS="710" VPOS="2159" WIDTH="24" HEIGHT="0" />
            <String CONTENT="that" ID="Word_1369" HPOS="735" VPOS="2159" WIDTH="101" HEIGHT="39" />
            <SP ID="SP_1114" HPOS="837" VPOS="2159" WIDTH="22" HEIGHT="0" />
            <String CONTENT="while" ID="Word_1370" HPOS="860" VPOS="2153" WIDTH="136" HEIGHT="45" />
            <SP ID="SP_1115" HPOS="997" VPOS="2158" WIDTH="25" HEIGHT="0" />
            <String CONTENT="the" ID="Word_1371" HPOS="1023" VPOS="2158" WIDTH="79" HEIGHT="39" />
            <SP ID="SP_1116" HPOS="1103" VPOS="2167" WIDTH="29" HEIGHT="0" />
            <String CONTENT="one" ID="Word_1372" HPOS="1133" VPOS="2167" WIDTH="82" HEIGHT="30" />
            <SP ID="SP_1117" HPOS="1216" VPOS="2153" WIDTH="28" HEIGHT="0" />
            <String CONTENT="became" ID="Word_1373" HPOS="1245" VPOS="2153" WIDTH="180" HEIGHT="44" />
            <SP ID="SP_1118" HPOS="1426" VPOS="2152" WIDTH="22" HEIGHT="0" />
            <String CONTENT="his" ID="Word_1374" HPOS="1449" VPOS="2152" WIDTH="69" HEIGHT="45" />
          </TextLine>
          <TextLine ID="TextLine_259" HPOS="157" VPOS="2229" WIDTH="1364" HEIGHT="62">
            <String CONTENT="companion" ID="Word_1375" HPOS="157" VPOS="2229" WIDTH="258" HEIGHT="46" />
            <SP ID="SP_1119" HPOS="416" VPOS="2230" WIDTH="36" HEIGHT="0" />
            <String CONTENT="in" ID="Word_1376" HPOS="453" VPOS="2230" WIDTH="48" HEIGHT="45" />
            <SP ID="SP_1120" HPOS="502" VPOS="2246" WIDTH="35" HEIGHT="0" />
            <String CONTENT="pleasure" ID="Word_1377" HPOS="538" VPOS="2230" WIDTH="205" HEIGHT="61" />
            <SP ID="SP_1121" HPOS="744" VPOS="2245" WIDTH="38" HEIGHT="0" />
            <String CONTENT="and" ID="Word_1378" HPOS="783" VPOS="2230" WIDTH="89" HEIGHT="44" />
            <SP ID="SP_1122" HPOS="873" VPOS="2230" WIDTH="33" HEIGHT="0" />
            <String CONTENT="amusements," ID="Word_1379" HPOS="907" VPOS="2235" WIDTH="322" HEIGHT="47" />
            <SP ID="SP_1123" HPOS="1230" VPOS="2235" WIDTH="44" HEIGHT="0" />
            <String CONTENT="the" ID="Word_1380" HPOS="1275" VPOS="2235" WIDTH="79" HEIGHT="39" />
            <SP ID="SP_1124" HPOS="1355" VPOS="2244" WIDTH="38" HEIGHT="0" />
            <String CONTENT="other" ID="Word_1381" HPOS="1394" VPOS="2229" WIDTH="127" HEIGHT="45" />
          </TextLine>
          <TextLine ID="TextLine_260" HPOS="157" VPOS="2305" WIDTH="1263" HEIGHT="63">
            <String CONTENT="gained" ID="Word_1382" HPOS="157" VPOS="2306" WIDTH="158" HEIGHT="62" />
            <SP ID="SP_1125" HPOS="316" VPOS="2307" WIDTH="19" HEIGHT="0" />
            <String CONTENT="his" ID="Word_1383" HPOS="336" VPOS="2307" WIDTH="70" HEIGHT="44" />
            <SP ID="SP_1126" HPOS="407" VPOS="2322" WIDTH="22" HEIGHT="0" />
            <String CONTENT="esteem" ID="Word_1384" HPOS="430" VPOS="2313" WIDTH="167" HEIGHT="39" />
            <SP ID="SP_1127" HPOS="598" VPOS="2309" WIDTH="21" HEIGHT="0" />
            <String CONTENT="by" ID="Word_1385" HPOS="620" VPOS="2309" WIDTH="63" HEIGHT="59" />
            <SP ID="SP_1128" HPOS="684" VPOS="2307" WIDTH="21" HEIGHT="0" />
            <String CONTENT="his" ID="Word_1386" HPOS="706" VPOS="2307" WIDTH="70" HEIGHT="45" />
            <SP ID="SP_1129" HPOS="777" VPOS="2323" WIDTH="21" HEIGHT="0" />
            <String CONTENT="more" ID="Word_1387" HPOS="799" VPOS="2322" WIDTH="122" HEIGHT="29" />
            <SP ID="SP_1130" HPOS="922" VPOS="2322" WIDTH="22" HEIGHT="0" />
            <String CONTENT="solid" ID="Word_1388" HPOS="945" VPOS="2306" WIDTH="112" HEIGHT="45" />
            <SP ID="SP_1131" HPOS="1058" VPOS="2306" WIDTH="22" HEIGHT="0" />
            <String CONTENT="qualifications." ID="Word_1389" HPOS="1081" VPOS="2305" WIDTH="339" HEIGHT="60" />
          </TextLine>
          <TextLine ID="TextLine_261" HPOS="221" VPOS="2382" WIDTH="1298" HEIGHT="62">
            <String CONTENT="They" ID="Word_1390" HPOS="221" VPOS="2384" WIDTH="131" HEIGHT="60" />
            <SP ID="SP_1132" HPOS="353" VPOS="2390" WIDTH="20" HEIGHT="0" />
            <String CONTENT="travelled" ID="Word_1391" HPOS="374" VPOS="2384" WIDTH="220" HEIGHT="45" />
            <SP ID="SP_1133" HPOS="595" VPOS="2384" WIDTH="20" HEIGHT="0" />
            <String CONTENT="onwards" ID="Word_1392" HPOS="616" VPOS="2384" WIDTH="205" HEIGHT="44" />
            <SP ID="SP_1134" HPOS="822" VPOS="2389" WIDTH="21" HEIGHT="0" />
            <String CONTENT="to" ID="Word_1393" HPOS="844" VPOS="2389" WIDTH="46" HEIGHT="39" />
            <SP ID="SP_1135" HPOS="891" VPOS="2383" WIDTH="23" HEIGHT="0" />
            <String CONTENT="Italy;" ID="Word_1394" HPOS="915" VPOS="2383" WIDTH="155" HEIGHT="60" />
            <SP ID="SP_1136" HPOS="1071" VPOS="2398" WIDTH="25" HEIGHT="0" />
            <String CONTENT="and" ID="Word_1395" HPOS="1097" VPOS="2383" WIDTH="89" HEIGHT="44" />
            <SP ID="SP_1137" HPOS="1187" VPOS="2382" WIDTH="20" HEIGHT="0" />
            <String CONTENT="here," ID="Word_1396" HPOS="1208" VPOS="2382" WIDTH="119" HEIGHT="53" />
            <SP ID="SP_1138" HPOS="1328" VPOS="2397" WIDTH="25" HEIGHT="0" />
            <String CONTENT="amidst" ID="Word_1397" HPOS="1354" VPOS="2382" WIDTH="165" HEIGHT="44" />
          </TextLine>
          <TextLine ID="TextLine_262" HPOS="159" VPOS="2458" WIDTH="1360" HEIGHT="62">
            <String CONTENT="all" ID="Word_1398" HPOS="159" VPOS="2460" WIDTH="58" HEIGHT="45" />
            <SP ID="SP_1139" HPOS="218" VPOS="2460" WIDTH="21" HEIGHT="0" />
            <String CONTENT="that" ID="Word_1399" HPOS="240" VPOS="2465" WIDTH="102" HEIGHT="39" />
            <SP ID="SP_1140" HPOS="343" VPOS="2459" WIDTH="21" HEIGHT="0" />
            <String CONTENT="is" ID="Word_1400" HPOS="365" VPOS="2459" WIDTH="38" HEIGHT="45" />
            <SP ID="SP_1141" HPOS="404" VPOS="2476" WIDTH="28" HEIGHT="0" />
            <String CONTENT="placid" ID="Word_1401" HPOS="433" VPOS="2459" WIDTH="147" HEIGHT="61" />
            <SP ID="SP_1142" HPOS="581" VPOS="2460" WIDTH="24" HEIGHT="0" />
            <String CONTENT="and" ID="Word_1402" HPOS="606" VPOS="2460" WIDTH="92" HEIGHT="45" />
            <SP ID="SP_1143" HPOS="699" VPOS="2460" WIDTH="25" HEIGHT="0" />
            <String CONTENT="sublime" ID="Word_1403" HPOS="725" VPOS="2459" WIDTH="192" HEIGHT="45" />
            <SP ID="SP_1144" HPOS="918" VPOS="2458" WIDTH="28" HEIGHT="0" />
            <String CONTENT="in" ID="Word_1404" HPOS="947" VPOS="2458" WIDTH="47" HEIGHT="45" />
            <SP ID="SP_1145" HPOS="995" VPOS="2475" WIDTH="25" HEIGHT="0" />
            <String CONTENT="nature," ID="Word_1405" HPOS="1021" VPOS="2464" WIDTH="176" HEIGHT="48" />
            <SP ID="SP_1146" HPOS="1198" VPOS="2473" WIDTH="25" HEIGHT="0" />
            <String CONTENT="or" ID="Word_1406" HPOS="1224" VPOS="2473" WIDTH="47" HEIGHT="31" />
            <SP ID="SP_1147" HPOS="1272" VPOS="2458" WIDTH="25" HEIGHT="0" />
            <String CONTENT="lovely" ID="Word_1407" HPOS="1298" VPOS="2458" WIDTH="151" HEIGHT="60" />
            <SP ID="SP_1148" HPOS="1450" VPOS="2458" WIDTH="22" HEIGHT="0" />
            <String CONTENT="in" ID="Word_1408" HPOS="1473" VPOS="2458" WIDTH="46" HEIGHT="43" />
          </TextLine>
          <TextLine ID="TextLine_263" HPOS="160" VPOS="2535" WIDTH="1361" HEIGHT="62">
            <String CONTENT="the" ID="Word_1409" HPOS="160" VPOS="2543" WIDTH="75" HEIGHT="38" />
            <SP ID="SP_1149" HPOS="236" VPOS="2551" WIDTH="22" HEIGHT="0" />
            <String CONTENT="arts," ID="Word_1410" HPOS="259" VPOS="2542" WIDTH="106" HEIGHT="47" />
            <SP ID="SP_1150" HPOS="366" VPOS="2536" WIDTH="23" HEIGHT="0" />
            <String CONTENT="he" ID="Word_1411" HPOS="390" VPOS="2536" WIDTH="57" HEIGHT="45" />
            <SP ID="SP_1151" HPOS="448" VPOS="2551" WIDTH="30" HEIGHT="0" />
            <String CONTENT="continued" ID="Word_1412" HPOS="479" VPOS="2535" WIDTH="240" HEIGHT="47" />
            <SP ID="SP_1152" HPOS="720" VPOS="2536" WIDTH="26" HEIGHT="0" />
            <String CONTENT="to" ID="Word_1413" HPOS="747" VPOS="2542" WIDTH="46" HEIGHT="40" />
            <SP ID="SP_1153" HPOS="794" VPOS="2551" WIDTH="30" HEIGHT="0" />
            <String CONTENT="pursue" ID="Word_1414" HPOS="825" VPOS="2551" WIDTH="167" HEIGHT="46" />
            <SP ID="SP_1154" HPOS="993" VPOS="2542" WIDTH="27" HEIGHT="0" />
            <String CONTENT="the" ID="Word_1415" HPOS="1021" VPOS="2542" WIDTH="78" HEIGHT="38" />
            <SP ID="SP_1155" HPOS="1100" VPOS="2549" WIDTH="21" HEIGHT="0" />
            <String CONTENT="more" ID="Word_1416" HPOS="1122" VPOS="2550" WIDTH="121" HEIGHT="29" />
            <SP ID="SP_1156" HPOS="1244" VPOS="2549" WIDTH="22" HEIGHT="0" />
            <String CONTENT="abstracted" ID="Word_1417" HPOS="1267" VPOS="2540" WIDTH="254" HEIGHT="39" />
          </TextLine>
          <TextLine ID="TextLine_264" HPOS="161" VPOS="2609" WIDTH="1360" HEIGHT="63">
            <String CONTENT="departments" ID="Word_1418" HPOS="161" VPOS="2612" WIDTH="304" HEIGHT="60" />
            <SP ID="SP_1157" HPOS="466" VPOS="2627" WIDTH="17" HEIGHT="0" />
            <String CONTENT="of" ID="Word_1419" HPOS="484" VPOS="2611" WIDTH="49" HEIGHT="47" />
            <SP ID="SP_1158" HPOS="534" VPOS="2611" WIDTH="13" HEIGHT="0" />
            <String CONTENT="science," ID="Word_1420" HPOS="548" VPOS="2612" WIDTH="183" HEIGHT="53" />
            <SP ID="SP_1159" HPOS="732" VPOS="2627" WIDTH="24" HEIGHT="0" />
            <String CONTENT="almost" ID="Word_1421" HPOS="757" VPOS="2612" WIDTH="161" HEIGHT="46" />
            <SP ID="SP_1160" HPOS="919" VPOS="2617" WIDTH="21" HEIGHT="0" />
            <String CONTENT="neglecting" ID="Word_1422" HPOS="941" VPOS="2610" WIDTH="250" HEIGHT="62" />
            <SP ID="SP_1161" HPOS="1192" VPOS="2616" WIDTH="20" HEIGHT="0" />
            <String CONTENT="the" ID="Word_1423" HPOS="1213" VPOS="2616" WIDTH="79" HEIGHT="39" />
            <SP ID="SP_1162" HPOS="1293" VPOS="2625" WIDTH="22" HEIGHT="0" />
            <String CONTENT="artificial" ID="Word_1424" HPOS="1316" VPOS="2609" WIDTH="205" HEIGHT="46" />
          </TextLine>
        </TextBlock>
      </PrintSpace>
    </Page>
  </Layout>
</alto>
