2107 3450
834 282 164 31 "VISUAL
1031 282 207 31 APHASIA.

1779 269 87 42 339

207 403 143 41 which
378 401 366 45 word-bliuduess
767 402 37 43 is
829 402 73 43 the
936 407 223 51 symptom
1194 416 204 29 common
1433 405 43 39 to
1508 401 116 42 both.
1690 400 129 51 First,
1843 400 22 41 I

207 472 113 43 shall
345 472 99 43 take
469 472 73 43 the
566 487 119 29 cases
711 473 44 42 in
785 474 141 41 which
965 473 72 43 the
1073 488 140 29 visual
1251 487 287 29 word-centre
1574 470 36 44 C
1645 472 35 42 is
1714 472 152 50 intact,

208 545 78 42 but
318 545 37 42 is
379 549 75 38 cut
476 545 63 42 off
558 546 107 41 from
691 546 281 55 impressions
996 546 175 41 coming
1198 546 111 41 from
1344 544 199 52 without,
1577 544 55 55 by
1668 559 24 26 a
1725 543 139 42 lesion

205 615 44 44 in
274 616 74 43 the
372 617 132 43 white
529 621 161 39 matter
713 618 47 42 of
781 618 73 43 the
877 618 204 56 occipital
1104 618 124 53 lobe;
1260 617 98 54 and,
1383 616 222 57 secondly,
1639 616 74 42 the
1746 630 121 29 cases

205 687 46 45 in
276 688 142 44 which
442 689 33 43 C
498 689 37 43 is
557 689 126 43 itself
701 690 244 55 destroyed.

216 862 378 44 Word-Blindness
604 865 125 55 from
748 865 100 42 s%ich
873 865 130 42 lesion
1024 866 51 41 in
1096 865 66 42 the
1186 865 125 42 white
1331 869 157 37 matter
1509 864 51 56 of
1578 864 66 42 the
1670 864 197 54 occipital

230 934 82 43 lobe
334 935 65 55 (at
423 942 50 45 X,
494 935 92 56 Fig.
611 936 47 56 8)
680 950 48 28 as
749 941 88 38 cuts
853 937 64 56 off
929 937 67 42 the
1018 941 136 38 centre
1174 936 36 43 G
1215 937 122 56 from
1360 937 216 54 incoming
1597 936 240 55 influences.

265 1063 43 43 It
331 1065 91 42 will
448 1065 98 43 well
568 1080 130 42 repay
726 1066 73 43 the
822 1066 150 43 reader
995 1071 44 38 to
1062 1067 102 42 look
1186 1082 60 27 up
1271 1067 66 42 for
1354 1066 181 43 himself
1553 1066 74 43 the
1646 1064 219 45 excellent

201 1136 201 43 series.of
424 1152 120 28 cases
567 1139 47 41 of
633 1138 89 43 this
745 1139 110 42 kind
879 1139 97 42 that
999 1139 110 42 have
1145 1140 108 41 been
1292 1137 235 57 published
1560 1138 57 55 by
1655 1136 210 57 Dejerine

200 1208 87 43 and
311 1208 212 45 Serieux.1
586 1211 23 42 I
632 1226 81 28 can
737 1212 103 42 only
865 1211 136 43 afford
1026 1218 42 36 to
1092 1212 139 42 insert
1255 1212 101 41 here
1389 1225 25 28 a
1446 1210 123 43 short
1601 1217 186 35 account
1821 1210 47 41 of

200 1294 82 29 one
306 1281 45 42 of
373 1282 132 43 them.
570 1283 92 42 But
678 1283 76 43 the
773 1298 81 28 one
874 1284 96 42 that
989 1284 22 42 I
1030 1283 112 43 shall
1163 1283 136 43 select
1320 1283 38 42 is
1375 1283 46 41 in
1441 1282 123 43 itself
1578 1297 25 27 a
1623 1296 104 42 very
1748 1296 116 28 com-

200 1352 117 56 plete
339 1368 92 29 one.
497 1355 45 42 It
564 1355 156 43 shows,
742 1355 48 42 in
813 1355 75 43 the
912 1356 96 42 first
1031 1360 99 51 part
1152 1356 45 42 of
1230 1355 74 43 the
1329 1354 208 57 patient's
1570 1355 185 54 history,
1789 1354 74 42 the

198 1425 150 43 effects
371 1426 47 43 of
436 1441 25 28 a
483 1426 139 44 lesion
646 1428 193 42 situated
862 1428 47 42 in
934 1428 74 43 the
1031 1428 135 42 white
1190 1433 160 37 matter
1372 1427 45 43 of
1439 1427 75 43 the
1537 1426 205 43 occipital
1766 1426 97 42 lobe

197 1497 66 55 (at
295 1505 51 44 X,
369 1499 90 56 Fig.
495 1500 58 55 8),
588 1500 87 42 and
705 1500 120 51 then,
847 1505 269 38 afterwards,
1150 1500 74 43 the
1257 1500 150 43 effects
1441 1499 222 56 produced
1696 1500 56 54 by
1789 1498 74 43 the

196 1571 231 42 extension
451 1573 47 40 of
517 1572 97 42 that
635 1572 141 42 lesion
799 1573 94 41 into
918 1572 73 43 the
1018 1572 184 57 angular
1234 1571 302 44 convolution,
1568 1571 88 43 and
1689 1570 172 43 accord-

196 1642 123 57 ingly
341 1643 97 43 into
461 1643 75 44 the
559 1648 149 39 centre
733 1644 33 43 C
790 1645 132 43 itself.

256 1787 120 44 Case
406 1789 35 43 I.
479 1789 243 56 (Dejerine,
759 1790 189 43 Comptes
969 1791 178 42 Rendus
1177 1791 69 41 des
1274 1790 176 43 Seances
1482 1790 48 42 de
1554 1791 45 41 la
1633 1785 155 47 SociSU
1816 1791 50 41 de

196 1861 198 56 Biologie,
418 1861 157 44 March
611 1863 128 52 1892,
776 1878 37 40 p.
851 1863 244 42 64.)—The
1129 1863 173 56 patient
1336 1877 88 28 was
1458 1877 25 28 a
1515 1877 103 27 man
1652 1862 110 43 aged
1795 1864 67 41 68.

196 1932 130 44 After
347 1948 25 28 a
395 1934 187 43 number
606 1935 44 42 of
672 1935 173 43 attacks
869 1936 47 41 of
937 1935 190 57 tingling
1150 1936 47 41 in
1220 1935 75 43 the
1318 1935 119 56 right
1458 1935 69 43 leg
1551 1935 87 42 and
1671 1949 104 38 arm,
1809 1935 55 43 he

194 2005 219 57 suddenly
437 2007 230 56 perceived
691 2008 98 42 that
811 2007 54 43 he
889 2007 129 44 could
1043 2014 78 36 not
1147 2008 102 42 read
1283 2022 25 28 a
1341 2008 142 42 single
1519 2007 143 43 word;
1694 2008 81 42 but
1808 2007 55 43 he

194 2077 94 43 still
320 2079 198 43 retained
551 2079 75 44 the
659 2094 148 42 power
839 2080 44 42 of
917 2080 189 57 writing,
1130 2080 86 43 and
1251 2080 161 43 indeed
1440 2079 131 43 could
1607 2080 122 42 write
1755 2087 107 35 with

193 2151 166 55 perfect
401 2166 109 29 ease.
574 2152 87 43 For
702 2152 99 43 four
837 2167 138 41 years,
1014 2152 54 42 he
1108 2152 225 43 remained
1367 2153 49 41 in
1449 2152 90 42 this
1573 2152 289 43 condition—

193 2223 159 57 totally
392 2224 136 42 word-
567 2224 88 43 and
692 2239 110 29 even
835 2224 292 43 letter-blind,
1161 2225 81 42 but
1274 2224 99 43 able
1407 2230 45 37 to
1487 2225 125 43 write
1646 2225 214 56 correctly

194 2294 141 44 whole
373 2309 131 42 pages
543 2296 47 41 of
624 2296 286 56 manuscript,
944 2296 167 56 though
1150 2296 125 57 quite
1308 2296 161 43 unable
1504 2301 44 38 to
1593 2297 101 42 read
1739 2297 120 43 them

193 2367 113 42 after
329 2367 102 56 they
459 2379 111 32 were
595 2368 186 43 written.
847 2368 72 43 He
946 2368 87 43 had
1067 2383 91 28 also
1191 2368 88 43 lost
1312 2368 75 43 the
1423 2383 145 41 power
1602 2369 47 41 of
1678 2370 184 56 reading

239 2489 12 23 1
279 2488 80 37 The
379 2488 195 37 following
598 2489 32 36 is
656 2502 21 24 a
703 2489 66 37 list
796 2489 40 37 of
860 2502 101 24 some
989 2489 40 36 of
1052 2489 65 37 the
1143 2501 135 37 papers
1304 2489 52 48 by
1384 2489 179 48 Dejerine
1589 2489 75 36 and
1691 2489 169 47 Serieux,

191 2548 117 50 lately
326 2550 203 48 published
546 2551 43 35 in
606 2550 66 37 the
700 2551 157 36 Comptes
882 2551 148 36 Rendus
1055 2551 41 36 de
1124 2552 37 35 la
1186 2550 139 37 Socie'te'
1344 2550 42 37 de
1416 2551 157 36 Biologie
1599 2554 39 33 at
1663 2550 67 38 the
1756 2551 106 37 dates

191 2611 216 37 mentioned
424 2611 195 38 below:—

241 2672 57 36 M.
329 2672 37 37 J.
396 2673 297 48 Dejerine.—(1.)
721 2673 21 22 "
756 2674 272 37 Contribution
1059 2685 22 25 a
1111 2673 140 37 l'etude
1281 2673 47 37 de
1357 2673 180 49 l'aphasie
1567 2674 157 37 motrice
1758 2687 102 24 sous-

191 2733 173 37 corticale
381 2738 37 33 et
438 2734 46 37 de
511 2734 37 37 la
574 2734 235 38 localisation
836 2735 186 37 cerebrale
1049 2735 65 37 des
1141 2739 145 33 centres
1312 2734 175 49 larynges
1513 2735 178 48 (muscles
1717 2735 143 49 phona-

192 2795 149 47 teurs),"
367 2795 65 38 6th
464 2796 130 37 March
622 2799 104 35 1891.
780 2797 69 49 (2.)
877 2800 19 17 "
911 2798 75 36 Sur
1012 2810 53 24 un
1093 2810 59 23 cas
1178 2796 190 38 d'aphasie
1394 2797 216 37 sensorielle
1637 2798 160 47 (surdite
1824 2802 38 33 et

192 2855 110 37 excite'
335 2856 186 38 verbales)
551 2858 100 36 suivi
682 2858 239 49 d'autopsie,"
951 2859 92 36 20th
1076 2858 131 37 March
1241 2861 105 34 1891.
1400 2858 68 49 (3.)
1500 2858 109 37 "Sur
1638 2871 55 25 un
1724 2871 60 25 cas
1813 2858 47 38 de

192 2915 114 37 cecite*
325 2915 150 38 verbale
492 2930 89 24 avec
599 2918 190 48 agraphie,
816 2919 101 37 suivi
946 2918 242 50 d'autopsie,"
1206 2918 93 37 27th
1318 2918 133 37 March
1472 2921 104 34 1891.
1630 2918 68 48 (4.)
1726 2921 20 17 "
1762 2918 97 37 Con-

193 2977 185 37 tribution
396 2988 22 25 a
434 2977 138 38 l'etude
590 2979 65 37 des
673 2979 168 38 troubles
859 2980 47 37 de
931 2980 189 37 l'^criture
1146 2992 90 25 chez
1261 2979 54 38 les
1341 2979 259 50 aphasicjues,"
1624 2979 97 49 July
1751 2983 105 34 1891.

192 3037 68 48 (5.)
287 3040 19 18 "
320 3039 76 37 Des
414 3039 217 38 dififerentes
648 3041 162 37 variete's
827 3041 47 37 de
893 3041 111 38 edeite"
1026 3041 186 38 verbale,"
1231 3042 134 36 March
1387 3044 104 34 1892.

239 3099 45 37 P.
312 3099 278 50 Se'rieux.—(1.)
624 3102 109 37 "Sur
759 3115 54 24 un
838 3115 60 25 cas
924 3103 215 49 d'agraphie
1165 3102 181 50 d'origine
1372 3101 249 38 sensorielle,"
1650 3102 89 36 11th
1769 3103 87 36 Dec.

195 3162 105 34 1891.
354 3162 68 44 (2.)
449 3164 22 17 "
484 3162 71 37 Cas
573 3162 46 37 de
637 3162 111 38 c&ite'
770 3163 151 37 verbale
939 3176 88 24 avec
1045 3163 212 49 agraphie,"
1277 3163 90 36 16th
1385 3163 86 36 Jan.
1499 3163 101 37 1892.
