2107 3450
788 266 226 32 AtJDITORY
1048 263 208 34 APHASIA.

1763 247 83 47 203

189 393 177 42 marked
390 390 374 44 Word-Deafness
789 402 85 29 was
902 387 270 56 developed;
1202 386 87 42 and
1313 385 89 43 this
1425 384 239 43 continued
1688 383 160 57 during

186 466 75 42 the
284 464 140 43 whole
446 477 150 43 period
619 462 44 42 of
694 461 70 43 his
786 460 223 44 residence
1032 459 48 43 in
1102 457 204 45 hospital.
1370 456 44 43 A
1445 461 127 52 point
1605 456 45 42 of
1682 455 165 57 special

187 537 184 42 interest
392 536 47 41 in
462 534 88 44 this
573 548 97 29 case
692 534 37 42 is
751 532 110 43 that,
879 530 172 44 besides
1073 530 215 43 Amnesia
1311 529 45 43 of
1372 529 170 52 Nouns,
1560 527 124 44 there
1707 542 141 29 seems

188 613 44 37 to
274 608 112 42 have
424 608 123 50 been,
585 606 161 42 daring
783 604 75 44 the
895 603 206 57 patient's
1139 602 153 58 period
1330 601 45 43 of
1418 601 226 43 residence
1683 601 47 41 in
1774 600 74 43 the

187 679 203 56 Asylum,
422 693 24 28 a
480 678 110 42 total
621 677 215 43 Amnesia
868 676 47 43 of
954 676 144 43 Verbs
1131 675 87 43 and
1263 674 311 57 Prepositions.
1640 673 212 57 "During

188 751 74 43 the
287 750 139 43 whole
450 750 152 57 period
624 750 45 43 of
701 749 105 43 nine
828 749 192 43 months,
1043 748 129 43 when
1195 748 55 43 he
1273 746 172 44 resided
1468 746 47 42 in
1540 745 74 43 the
1646 745 207 53 Asylum,

187 822 54 43 he
264 836 134 29 never
419 836 57 28 on
499 836 87 42 any
609 820 139 44 single
772 821 202 43 occasion
1007 819 283 58 pronounced
1324 833 25 29 a
1381 818 106 43 verb
1520 831 48 29 or
1601 831 25 29 a
1658 816 194 58 preposi-

187 894 129 43 tion."
378 894 205 43 Another
619 894 129 57 point
791 894 44 42 of
872 899 123 51 great
1027 894 187 43 interest
1250 893 38 42 is
1322 891 75 44 the
1430 891 91 44 fact
1552 891 112 51 that,
1696 890 47 43 in
1776 890 78 43 the

188 966 182 56 gradual
393 966 195 43 advance
610 966 47 43 of
676 966 75 43 the
774 966 155 55 lesion,
950 967 76 42 the
1048 965 272 44 Production
1342 964 47 43 of
1418 963 161 57 speech
1607 977 88 29 was
1718 963 136 43 inter-

188 1039 122 43 fered
332 1039 108 43 with
462 1039 148 43 before
635 1039 59 43 its
723 1039 245 43 Eeception
1000 1039 88 43 and
1120 1035 503 59 Interpretation,—the
1658 1035 196 43 amnesia

189 1112 239 56 appearing
449 1112 148 43 before
620 1112 76 43 the
719 1112 354 43 word-deafness.
1137 1111 107 43 This
1268 1124 141 29 seems
1431 1113 46 38 to
1508 1108 122 44 show
1664 1108 98 43 that
1795 1122 58 29 an

190 1184 225 43 incoming
438 1184 192 43 Audible
652 1184 138 43 Word
812 1184 38 43 is
873 1198 25 28 a
931 1188 199 39 stronger
1164 1182 209 44 stimulus
1406 1186 45 38 to
1485 1181 87 43 and
1604 1181 174 43 reviver
1810 1180 46 42 of

192 1258 74 42 the
299 1257 293 57 word-image,
625 1256 109 43 than
766 1256 37 42 is
837 1270 56 28 an
917 1256 107 43 Idea
1057 1270 46 29 or
1136 1254 217 57 Meaning
1385 1253 182 57 seeking
1599 1253 257 44 expression

192 1328 112 43 from
328 1333 166 39 within.

260 1492 151 56 Effects
440 1504 116 44 upon
588 1491 66 42 the
678 1504 164 43 powers
872 1490 52 57 of
947 1489 239 57 Repeating
1217 1503 48 29 or
1301 1489 192 44 Echoing
1528 1488 137 45 words
1697 1488 92 44 and

750 1561 190 57 Copying
961 1567 170 38 written
1153 1562 145 43 ivords.

249 1696 287 43 Destruction
560 1696 47 42 of
626 1695 74 43 the
724 1699 150 39 centre
897 1695 43 43 A
962 1695 228 57 naturally
1212 1695 232 44 interferes
1468 1695 110 44 with
1610 1695 78 44 the
1709 1710 151 43 power

190 1769 47 42 of
256 1769 246 56 Repeating
525 1782 48 29 or
594 1767 200 44 Echoing
817 1768 151 43 words.
1033 1768 45 42 If
1109 1768 125 43 there
1257 1783 115 29 were
1405 1768 105 44 only
1535 1783 83 29 one
1651 1770 207 56 auditory

191 1844 160 47 centre,
387 1839 57 43 its
482 1839 273 44 destruction
794 1839 160 53 would,
993 1840 48 42 of
1074 1854 166 36 course,
1275 1840 248 44 annihilate
1562 1841 98 43 that
1698 1856 162 42 power,

191 1926 46 28 so
260 1917 98 37 that
380 1911 217 57 anything
614 1912 90 43 like
721 1911 228 44 Echolalia
966 1912 148 43 would
1137 1913 53 43 be
1208 1912 266 57 impossible.
1539 1914 102 53 But,
1666 1928 47 29 as
1735 1914 124 44 there

189 1984 39 43 is
251 1984 183 43 another
456 1984 204 57 auditory
683 1988 161 40 centre,
866 1985 48 41 in
936 1984 75 43 the
1045 1985 199 56 opposite
1277 1985 289 56 hemisphere,
1588 1986 89 43 and
1699 2001 46 29 as
1769 1987 89 43 this

191 2071 101 42 may
314 2057 54 42 be
392 2056 213 43 educated
627 2062 45 38 to
705 2071 173 29 assume
911 2057 75 43 the
1019 2057 160 58 speech
1213 2058 226 43 functions
1466 2059 47 42 of
1531 2059 76 43 the
1631 2065 149 38 centre
1802 2060 56 50 A,

191 2128 75 43 the
287 2127 237 57 repetition
547 2128 44 42 of
615 2128 140 43 words
788 2128 135 44 heard
944 2129 38 43 is
1005 2129 125 43 often
1152 2130 180 56 possible
1354 2130 47 42 in
1434 2130 206 58 auditory
1663 2132 194 43 aphasia,

192 2200 170 57 though
383 2200 37 42 it
441 2200 37 42 is
501 2200 164 57 always
689 2201 188 43 difficult
899 2201 71 43 till
992 2202 112 43 after
1126 2202 134 43 much
1281 2203 204 56 practice.
1549 2203 240 44 Attention
1811 2209 45 38 to

192 2272 76 43 the
301 2272 303 43 word-sounds
637 2273 201 44 received
869 2274 59 56 by
961 2274 90 43 this
1084 2274 278 45 uneducated
1394 2279 161 40 centre,
1581 2276 89 43 and
1702 2281 46 39 to
1781 2277 76 44 the

191 2353 311 50 reproduction
520 2346 47 43 of
586 2346 123 44 these
732 2347 164 43 sounds
919 2348 59 56 by
995 2347 76 44 the
1095 2347 216 44 educated
1334 2353 142 38 motor
1499 2353 149 39 centre
1671 2349 51 54 B,
1738 2349 39 44 is
1799 2364 58 29 no

190 2419 137 43 doubt
348 2419 76 44 the
442 2420 117 42 basis
578 2420 45 42 of
645 2420 74 43 the
738 2420 190 43 Further
945 2420 250 43 Education
1218 2421 145 42 which
1382 2421 47 42 in
1449 2436 121 29 cases
1588 2422 47 43 of
1648 2422 207 58 auditory

188 2491 181 57 aphasia
412 2493 256 56 frequently
701 2492 121 44 leads
861 2497 45 39 to
940 2493 75 43 the
1049 2493 218 59 complete
1306 2495 265 42 restoration
1604 2495 48 43 of
1683 2495 171 44 speech.

188 2564 63 43 At
272 2564 108 53 first,
401 2565 47 42 in
470 2570 116 38 most
618 2579 131 30 cases,
772 2565 90 44 this
895 2565 226 44 reception
1154 2566 89 43 and
1274 2567 312 56 reproduction
1608 2569 45 42 of
1675 2568 180 57 speech-

190 2637 162 44 sounds
385 2638 37 43 is
455 2638 232 57 obviously
711 2638 189 43 difficult
933 2643 45 38 to
999 2639 77 43 the
1108 2639 202 56 patient;
1343 2640 83 43 but
1448 2640 36 43 it
1510 2641 202 44 becomes
1736 2656 119 30 more

191 2710 86 42 and
311 2724 117 29 more
460 2724 104 43 easy
595 2724 47 30 as
676 2711 75 43 the
782 2711 307 58 word-images
1122 2726 73 29 are
1229 2726 118 30 more
1380 2714 88 42 and
1504 2728 117 29 more
1655 2715 201 57 securely

191 2781 217 56 acquired.
473 2782 132 52 Thus,
629 2783 45 41 in
700 2782 73 44 the
797 2796 97 30 case
924 2783 207 44 recorded
1164 2784 59 57 by
1247 2784 204 44 Schmidt
1473 2785 179 57 already
1676 2786 180 45 alluded

191 2857 45 38 to
273 2851 131 58 (Case
424 2852 86 57 V.),
533 2853 123 43 there
689 2854 38 43 is
760 2854 90 43 this
883 2855 173 43 further
1088 2859 104 40 note
1225 2856 136 43 about
1387 2856 76 45 the
1486 2857 196 58 training
1714 2858 46 43 of
1780 2858 75 44 the

192 2922 172 56 patient
386 2926 45 40 to
453 2928 151 52 repeat
621 2924 118 44 what
758 2939 86 30 was
867 2926 95 43 said
982 2931 44 39 to
1048 2926 188 44 her:—"
1252 2928 85 43 She
1356 2928 135 44 heard
1510 2929 129 44 when
1658 2944 81 29 one
1759 2944 96 43 pro-

191 2994 203 43 nounced
428 2994 74 43 the
539 2996 162 44 vowels
735 2998 261 57 separately,
1021 2999 87 43 and
1142 2999 78 44 she
1255 3002 205 55 repeated
1496 3002 133 43 them.
1695 3002 45 43 If
1774 3017 82 29 one

192 3067 282 56 pronounced
497 3082 25 28 a
543 3069 320 56 monosyllabic
886 3071 132 53 word,
1040 3071 78 44 she
1137 3072 75 43 did
1235 3077 79 38 not
1336 3074 273 43 understand
1631 3074 63 54 it;
1726 3075 81 43 but
1823 3076 36 42 if

196 3152 83 30 one
301 3139 228 56 separated
549 3138 74 44 the
642 3140 205 43 different
865 3141 154 44 letters
1037 3142 47 43 in
1103 3143 107 43 such
1229 3157 25 29 a
1272 3158 185 29 manner
1473 3158 48 29 as
1539 3148 44 39 to
1601 3150 259 40 accentuate
