2113 3404
376 245 84 41 488

1115 268 146 32 INDEX.

376 368 163 49 Disgust,
558 375 210 45 expression
786 376 47 46 of,
851 378 40 35 in
910 379 177 47 children,
1106 383 57 34 93.

376 424 89 47 Dor,
485 430 79 34 310.

376 481 131 47 Duret,
526 487 82 35 281.

375 538 219 37 Dysarthria
612 543 39 36 of
665 546 142 48 speech,
827 547 42 37 in
886 548 128 48 fevers,
1033 553 69 33 393
1120 564 8 31 ;
1155 552 71 37 clue
1245 558 36 31 to
1299 553 117 38 lesion
1435 556 39 36 of
1488 556 63 37 the
1569 558 269 48 speech-tracts,
1857 565 78 32 411.

371 662 202 48 Echolalia,
600 667 40 36 in
666 668 178 49 children,
874 676 78 42 100,
982 677 78 42 116,
1087 677 81 43 234,
1196 679 69 33 240
1283 690 8 30 ;
1324 676 39 38 in
1396 679 198 37 imbeciles,
1623 681 66 35 122
1720 683 72 35 and
1826 686 65 34 120
1908 697 9 30 ;
1951 685 38 35 in

469 721 196 48 dementia,
685 728 81 43 205,
785 730 82 43 214,
885 729 74 35 and
978 733 67 32 215
1065 744 7 28 ;
1100 731 38 35 in
1156 732 160 47 aphasia,
1336 734 65 36 271
1422 735 72 35 and
1513 739 78 33 365.

374 775 130 49 Ecker,
524 781 80 34 473.

372 831 106 47 Ellis,
497 835 107 37 Alex.
623 837 47 44 J.,
690 842 32 31 0.

373 887 259 50 Embololalia,
652 897 80 33 209.

377 943 208 41 Emotional
604 951 220 46 expression,
842 952 38 36 in
900 954 161 46 aphasia,
1080 958 81 33 273.

371 1000 212 50 Epiglottis,
602 1006 229 37 mechanism
849 1009 40 35 of
902 1010 47 35 its
967 1009 152 47 closure,
1139 1015 79 32 463.

372 1059 187 49 Epileptic
578 1075 72 35 cry,
669 1067 81 33 400.

372 1115 189 51 Epilepsy,
580 1131 39 24 as
636 1132 21 24 a
674 1133 106 24 cause
798 1121 40 36 of
851 1122 162 47 aphasia,
1033 1127 78 32 399.

371 1171 87 46 Erb,
478 1175 55 36 78.

368 1229 186 48 Esquirol,
575 1235 79 43 120,
675 1237 78 41 188,
773 1237 80 42 218,
873 1235 74 36 and
965 1238 78 33 245.

368 1285 232 39 Evanescent
618 1292 147 46 organic
782 1292 188 36 affections
987 1292 40 36 of
1040 1292 64 37 the
1121 1293 117 36 brain,
1257 1306 38 23 as
1313 1307 123 23 causes
1454 1295 39 35 of
1507 1296 159 47 aphasia,
1685 1299 80 34 378.

370 1341 135 48 Exner,
526 1348 79 34 355.

368 1468 125 36 Facial
511 1471 220 46 expression,
751 1472 41 35 in
811 1472 178 47 children,
1010 1477 56 33 93.

369 1524 164 38 Falsetto
550 1527 113 46 voice,
684 1530 82 34 481.

369 1581 141 46 Farrar,
530 1583 251 47 Archdeacon,
803 1589 79 42 153,
904 1589 78 41 156,
1003 1589 79 42 159,
1103 1590 79 33 160,
1200 1588 73 35 and
1293 1591 77 33 169.

369 1639 155 47 Fatigue
542 1652 183 34 neuroses,
745 1642 39 35 of
799 1642 239 47 professional
1055 1644 230 36 voice-users,
1305 1647 54 33 64.

369 1696 103 44 Fear,
492 1698 210 46 expression
721 1699 46 35 of,
786 1699 40 34 in
844 1699 180 45 children,
1043 1703 55 33 94.

370 1752 101 46 Fere,
492 1756 46 33 83
556 1754 72 35 and
649 1757 79 33 389.

369 1808 155 45 Ferrier,
545 1810 57 46 D.,
621 1813 81 43 230,
723 1811 80 46 231,
823 1811 81 46 246,
923 1814 81 43 250,
1024 1813 79 44 274,
1123 1815 81 43 300,
1225 1816 81 42 320,
1325 1814 80 35 334,
1423 1813 74 35 and
1515 1814 81 36 413.

370 1865 182 46 Fletcher,
573 1867 80 35 275.

368 1922 139 44 Foster,
528 1924 56 34 33.

369 1978 173 46 Frankel,
563 1980 54 45 B.,
639 1981 54 44 64,
714 1981 56 35 66,
789 1980 75 36 and
882 1982 56 35 67.

370 2037 141 45 Fraser,
531 2038 48 45 J.,
599 2039 80 35 313.

369 2092 242 38 Friedreich's
628 2095 148 45 disease,
797 2096 132 47 speech
945 2096 51 46 in,
1016 2096 78 36 427.

368 2150 145 36 Fritsch
531 2152 75 35 and
625 2152 139 47 Hitzig,
783 2156 79 32 254.

370 2205 210 51 Frowning,
598 2209 41 35 in
658 2209 177 36 children,
856 2211 55 34 93.

369 2263 223 37 Functional
617 2265 160 47 aphasia,
804 2266 96 35 from
924 2265 348 47 tobacco-smoking,
1300 2268 68 33 388
1385 2279 8 30 ;
1420 2265 93 36 from
1539 2266 216 35 snake-bite,
1775 2267 67 34 388
1860 2278 8 29 ;
1894 2265 93 35 from

464 2321 217 46 plumbism,
700 2325 70 33 389
788 2335 8 30 ;
822 2322 94 35 from
934 2321 174 45 diabetes,
1128 2323 68 33 389
1213 2334 9 30 ;
1248 2322 94 35 from
1361 2322 160 36 uraemia,
1541 2325 69 33 389
1628 2335 8 29 ;
1662 2322 95 35 from
1773 2325 100 44 gout,
1891 2324 69 32 390
1978 2334 8 29 ;

464 2377 95 35 from
577 2378 196 36 infectious
799 2378 128 36 fevers,
946 2381 70 33 390
1032 2392 9 30 ;
1067 2378 41 34 in
1132 2378 176 45 insanity,
1327 2381 69 33 393
1414 2391 8 30 ;
1447 2379 41 34 in
1512 2378 147 47 general
1685 2378 186 46 paralysis,
1890 2380 68 32 396
1977 2389 8 29 ;

465 2434 41 34 in
531 2434 173 46 hysteria,
733 2437 69 34 396
821 2448 8 30 ;
864 2435 39 34 in
929 2433 186 48 catalepsy
1140 2434 74 35 and
1242 2438 148 42 ecstasy,
1419 2437 68 32 398
1505 2448 9 29 ;
1549 2435 39 34 in
1614 2434 175 47 epilepsy,
1817 2436 68 32 399
1903 2446 9 30 ;
1946 2433 38 34 in

464 2490 166 47 megrim,
649 2493 69 33 403
737 2503 7 30 ;
772 2491 93 34 from
884 2490 192 35 intestinal
1093 2489 196 36 irritation,
1309 2493 79 32 409.

370 2544 222 37 Functional
612 2547 182 35 disorders
813 2546 39 36 of
865 2546 63 36 the
947 2546 117 36 brain,
1082 2546 41 34 in
1139 2545 156 36 relation
1313 2550 36 31 to
1367 2546 180 35 disorders
1566 2543 38 39 of
1619 2545 139 48 speech,
1778 2546 78 34 377.

370 2659 193 47 Gairdner,
583 2661 109 45 Wm,
711 2662 81 42 253,
812 2661 81 44 265,
912 2662 81 43 316,
1014 2661 79 43 383,
1112 2659 81 36 405,
1211 2659 75 36 and
1303 2660 79 35 407.

370 2716 116 37 Gall's
502 2721 89 43 type
609 2717 56 36 for
682 2717 64 37 the
762 2717 117 36 blind,
904 2719 77 34 177.

370 2772 120 46 Garel,
511 2775 81 35 310.

370 2831 164 46 Gaskell,
556 2831 87 46 Mrs,
662 2833 55 34 91.

370 2888 158 37 General
546 2887 177 48 paralysis
742 2886 39 37 of
795 2886 63 37 the
876 2887 139 43 insane,
1034 2885 130 47 speech
1181 2885 50 45 in,
1252 2888 69 32 220
1339 2898 7 30 ;
1373 2885 149 47 aphasia
1539 2886 50 44 in,
1609 2887 81 35 306.

368 2946 156 35 Gesture
541 2944 190 47 language,
750 2944 39 35 of
804 2942 210 37 childhood,
1033 2944 45 34 96
1096 2954 8 30 ;
1130 2941 39 35 of
1183 2940 220 37 deaf-mutes
1421 2941 74 36 and
1513 2953 157 36 savages,
1693 2942 75 34 155.

373 3001 224 45 Giraudeau,
617 3001 53 36 C.,
689 3002 81 35 287.

374 3057 149 38 Glottis,
541 3057 171 36 valvular
728 3057 120 35 action
868 3056 38 35 of
922 3056 72 35 the,
1015 3055 80 36 466.
