1933 3302
174 158 53 40 68

625 158 138 42 Opium,
786 159 261 43 Hypnotismus,
1068 161 268 33 Kohlenpulver.

175 265 309 50 Kampherwein
522 266 71 38 auf
627 267 67 37 der
726 267 115 39 Höhe
880 269 68 37 der
977 268 195 38 Affection
1214 271 153 38 absolut
1409 273 259 51 wirkungslos
1712 278 67 45 sei,

175 321 89 37 dass
285 332 106 32 aber,
423 319 136 38 sobald
580 320 62 38 die
665 320 225 51 Reinigung
912 323 67 36 des
1003 321 405 53 Geschwürsgrundes
1434 327 205 49 begonnen
1667 330 112 48 habe,

175 374 65 37 ein
282 372 138 49 häufig
464 374 285 49 gewechselter
779 375 186 37 Verband
1003 376 71 36 mit
1104 376 304 50 Kampherwein
1446 380 60 37 die
1538 381 243 53 Abstossung

175 427 71 38 der
275 426 272 39 mortificirten
580 427 299 39 Gewebsfetzen
910 429 251 38 entschieden
1190 431 247 52 begünstige.
1498 433 283 41 Neudörfer

173 480 73 38 sah
267 493 75 25 von
363 479 326 52 Ueberschlägen
709 485 72 34 mit
802 482 183 46 Alkohol,
1007 482 202 50 Kampher
1229 486 78 37 und
1328 487 98 37 Aloe
1456 490 94 46 gute
1573 488 207 39 Wirkung.

310 533 167 50 Opium
498 536 80 37 und
597 535 430 50 Opiumpräparate
1048 538 161 37 wurden
1230 552 128 37 gegen
1375 541 60 37 die
1451 540 331 52 Schmerzhaftig-

174 588 86 37 keit
281 588 169 38 vielfach
471 589 140 38 örtlich
633 592 247 47 angewandt.
920 589 177 51 Marmy
1118 591 107 39 hatte
1247 606 76 24 von
1344 594 67 37 der
1432 594 191 38 örtlichen
1644 596 138 50 Appli-

174 642 132 38 cation
335 656 78 24 von
445 643 306 50 Opiumtinctur,
786 642 256 50 Opiumcerat
1070 646 79 36 und
1185 646 179 46 ,bouillie
1395 648 192 49 d'opium"
1623 662 161 37 grossen

174 695 172 39 Nutzen.
411 697 107 38 Wer
528 697 125 38 neck
692 697 241 49 gebrauchte
973 698 60 38 ein
1072 698 145 39 Pulver
1254 714 76 24 von
1361 702 19 36 1
1413 701 196 39 Drachme
1642 702 143 50 Opium

174 749 74 39 auf
274 751 23 37 3
329 750 224 39 Drachmen
584 750 203 50 Kampher
817 752 80 37 und
928 752 19 37 1
971 751 111 39 Unze
1113 752 126 39 Kohle
1269 768 87 24 zum
1382 755 251 39 Aufstreuen.
1684 756 100 39 Vor-

175 804 200 39 nehmlich
421 805 174 49 empfahl
637 819 36 23 v.
711 804 149 39 Pitha
901 806 61 37 die
1010 806 272 52 Aufstreuung
1329 822 74 24 von
1445 809 143 50 Opium
1631 824 152 36 purum,

176 858 192 38 welchem
400 873 41 24 er
472 858 248 51 gewöhnlich
748 859 296 50 Kohlenpulver
1075 874 46 23 zu
1151 861 180 49 gleichen
1352 863 164 38 Theilen
1546 864 237 39 beimischte.

176 913 87 38 Auf
290 913 106 38 diese
419 913 134 38 Weise
583 913 144 37 kamen
758 913 122 38 öfters
910 914 63 42 30,
1002 915 42 49 ja
1074 915 49 37 60
1154 915 60 37 bis
1237 915 76 38 120
1335 929 98 37 grau
1462 917 81 47 (7,2
1565 916 44 51 g)
1642 917 141 51 Opium

176 981 71 23 zur
267 966 294 51 Verwendung,
593 967 100 37 ohne
726 967 88 37 dass
835 967 82 38 sich
938 967 537 54 Allgemeinerscheinungen
1496 971 165 50 zeigten.
1707 972 79 38 Das

176 1021 135 39 Mittel
350 1021 109 38 hatte
500 1021 110 38 nicht
647 1035 73 23 nur
758 1035 130 37 gegen
928 1023 61 37 die
1027 1022 179 51 heftigen
1236 1022 232 40 Schmerzen
1506 1025 73 37 den
1608 1029 179 47 grössten

177 1075 172 39 Nutzen,
382 1076 169 37 sondern
580 1089 81 23 war
682 1075 98 38 auch
803 1090 68 23 zur
892 1076 225 50 Reinigung
1139 1077 68 37 der
1229 1077 156 38 Wunde
1415 1079 188 37 zuweilen
1632 1093 49 23 au
1709 1079 78 37 und

176 1129 66 38 für
284 1130 83 38 sich
409 1130 231 50 genügend,
685 1130 238 38 andernfalls
966 1131 246 38 erleichterte
1245 1145 39 25 es
1315 1131 89 39 sehr
1438 1132 59 38 die
1531 1132 257 50 Anwendung

176 1184 71 38 des
279 1183 251 39 Aetzmittels
562 1183 137 49 (Lapis
730 1184 325 38 Hesselbach).
1114 1185 98 37 War
1242 1186 60 37 die
1333 1185 192 50 Eiterung
1553 1187 236 37 namentlich

177 1252 72 24 aus
281 1239 68 37 der
381 1238 114 38 Tiefe
533 1238 90 38 sehr
661 1238 153 49 profus,
861 1252 40 24 so
932 1239 133 37 wurde
1097 1242 129 35 zuerst
1258 1238 144 50 Opium
1438 1240 243 37 aufgestreut
1709 1240 79 37 und

175 1292 76 38 auf
278 1293 126 38 dieses
426 1292 309 38 Kohlenpulver.
784 1292 113 38 Beim
926 1293 188 38 nächsten
1134 1293 357 38 Verbandwechsel
1519 1293 123 50 folgte
1674 1294 114 46 dann,

180 1360 116 24 wenn
325 1347 157 51 nöthig,
523 1347 61 38 die
616 1347 195 49 Aetzung.
870 1347 111 38 Auch
1016 1347 132 38 Groh
1176 1348 183 36 benutzte
1391 1348 102 36 diese
1525 1347 265 50 Einstreuung

179 1415 78 24 von
289 1401 147 38 Opium
466 1402 80 37 und
575 1401 298 38 Kohlenpulver
902 1401 99 38 nach
1031 1416 35 23 v.
1090 1401 181 38 Pitha's
1291 1401 222 37 Vorschrift
1540 1402 78 36 und
1649 1414 140 24 ebenso

178 1469 80 25 von
290 1455 168 39 Opium-
489 1456 79 37 und
599 1455 405 38 Chinarindenpulver
1041 1458 72 35 mit
1141 1455 152 38 Erfolg.
1352 1455 195 37 Demme
1592 1455 199 49 empfiehlt

180 1511 64 37 die
284 1510 350 51 symptomatische
674 1510 263 38 Anwendung
975 1523 76 24 von
1087 1509 261 38 Belladonna-
1380 1509 79 37 und
1499 1508 290 50 Opiumsalben.

178 1564 57 38 Ei
248 1565 146 38 scher
424 1565 242 51 gebrauchte
687 1564 234 51 gleichfalls,
944 1577 134 25 ausser
1100 1565 67 36 der
1188 1563 391 50 hypodermatischen
1600 1562 191 51 Injection

182 1633 76 25 von
292 1619 190 50 Opiaten,
520 1619 321 50 Einstreuungen
877 1632 75 24 von
985 1617 298 51 Opiumpulver.
1341 1617 55 38 Er
1426 1617 92 37 fand
1553 1617 84 37 eine
1673 1617 115 37 zwei-

182 1674 146 51 malige
360 1673 253 51 Application
642 1687 77 24 von
751 1674 48 37 10
830 1686 100 37 gran
959 1675 96 35 stets
1085 1672 209 51 genügend
1323 1672 78 37 und
1429 1671 69 37 hat
1527 1670 159 47 danach,
1719 1684 70 23 wie

183 1728 169 38 Pitha,
398 1742 63 24 nie
492 1727 251 39 narkotische
775 1727 151 38 Zufälle
957 1727 251 45 beobachtet,
1252 1727 176 48 dagegen
1461 1726 67 36 das
1561 1724 144 50 Opium
1734 1737 56 24 als

182 1783 418 39 schmerzlinderndes,
632 1782 57 38 oft
719 1782 99 37 auch
849 1781 193 38 curatives
1072 1781 130 37 Mittel
1231 1779 177 39 bewährt
1437 1779 182 49 gesehen.

316 1837 355 50 Hypnotismus.
732 1835 121 39 Groh
893 1835 177 38 erwähnt
1108 1835 60 37 die
1206 1834 261 49 Anwendung
1503 1832 288 51 magnetischer

181 1891 178 39 Striche,
404 1891 146 38 welche
595 1891 62 37 die
698 1889 236 39 Schmerzen
973 1889 149 38 alsbald
1162 1889 215 37 linderten,
1422 1900 40 25 so
1507 1888 87 36 dass
1634 1886 157 38 forcirte

183 1946 228 50 Reinigung
431 1946 80 37 und
533 1945 250 50 Application
805 1958 76 24 von
902 1944 281 37 concentrirter
1205 1942 308 39 Schwefelsäure
1541 1943 123 35 sofort
1692 1939 99 39 ohne

181 2000 189 39 Schmerz
401 2002 237 36 angewandt
667 2000 158 37 werden
853 1999 186 37 konnten.

317 2055 135 39 Ueber
483 2055 74 37 den
578 2053 157 39 Nutzen
766 2054 66 37 des
863 2051 379 39 Kohlenpulvers
1272 2050 55 37 als
1349 2049 285 49 Antisepticum
1664 2060 128 38 gegen

183 2110 78 38 den
282 2109 312 39 Hospitalbrand
624 2110 203 36 sammelte
858 2107 118 38 schon
1008 2105 223 39 Delpech
1259 2104 129 38 reiche
1411 2103 287 49 Erfahrungen.
1737 2101 55 37 Er

184 2165 94 37 kam
309 2179 47 23 zu
388 2165 87 37 dem
506 2162 197 39 Resultat,
744 2163 87 37 dass
862 2161 127 37 Kohle
1019 2173 73 24 nur
1123 2160 74 37 den
1227 2157 151 39 Geruch
1416 2156 231 50 bekämpfe,
1687 2158 106 34 sonst

183 2233 98 25 aber
310 2219 128 37 nichts
467 2221 128 35 nütze.
638 2216 73 38 Bei
740 2230 75 24 von
846 2228 236 25 vornherein
1110 2216 72 35 mit
1212 2211 293 50 Kohlenpulver
1534 2209 257 39 behandelten

187 2273 188 38 Wunden
419 2272 279 39 entwickelten
740 2270 82 39 sich
862 2270 194 38 trotzdem
1093 2268 60 37 die
1192 2271 305 46 gefährlichsten
1528 2264 168 38 Fornien
1725 2263 68 37 der

186 2328 236 38 Krankheit.
466 2327 147 38 Weder
645 2326 68 38 der
743 2325 197 38 Schmerz,
971 2323 99 38 noch
1102 2322 61 38 die
1194 2321 253 49 Phlegmone,
1477 2318 100 38 noch
1608 2318 59 37 die
1691 2317 100 37 Aus-

186 2383 188 37 breitung
412 2395 162 24 wurden
613 2380 122 38 durch
769 2379 125 38 Kohle
932 2377 241 39 beeinflusst.
1233 2374 111 39 Auch
1383 2374 60 38 die
1483 2386 73 24 von
1588 2371 206 38 Hennen

186 2438 81 37 und
290 2437 245 37 Werneck
566 2449 89 24 vom
675 2433 298 39 Kohlenpulver
994 2431 242 39 berichteten
1258 2428 200 39 Resultate
1488 2427 171 37 konnten
1690 2426 105 36 nicht

187 2492 220 38 beweisen,
446 2492 88 36 dass
574 2490 126 37 dieses
731 2488 131 38 Mittel
898 2486 222 39 überhaupt
1150 2498 72 24 von
1255 2483 170 38 Einfluss
1456 2481 67 39 sei.
1581 2493 35 25 v.
1649 2478 146 38 Pitha

185 2546 138 38 rühmt
353 2546 90 38 sehr
475 2546 74 37 den
584 2542 410 39 schmerzlindernden
1022 2540 170 38 Einfluss
1231 2538 66 37 des
1328 2534 330 50 Kohlenpulvers,
1698 2531 97 38 doch

188 2601 157 38 wandte
378 2614 41 24 er
450 2599 177 38 dasselbe
658 2598 108 37 nicht
796 2597 136 37 allein,
971 2607 168 26 sondern
1182 2604 197 26 entweder
1414 2593 70 34 mit
1516 2587 144 50 Opium
1703 2598 91 26 oder

188 2659 75 35 mit
293 2655 118 38 Lapis
442 2651 345 41 Hesselbach
816 2665 60 23 an.
938 2650 191 50 Dagegen
1159 2646 68 39 sah
1258 2644 37 40 N
1310 2659 19 24 e
1343 2645 14 37 1
1370 2659 22 23 a
1404 2647 17 35 t
1434 2657 21 25 o
1468 2657 22 23 n
1524 2641 138 39 etliche
1692 2639 102 38 Male

188 2711 64 37 ein
284 2712 115 48 gutes
430 2708 183 38 Resultat
641 2706 64 38 bei
727 2705 262 38 Anwendung
1020 2704 66 36 des
1117 2699 326 50 Kohlenpulvers,
1476 2710 41 25 er
1548 2695 82 38 hält
1655 2693 138 50 jedoch

191 2765 62 38 die
286 2763 291 39 Wirksamkeit
607 2761 125 38 dieses
763 2758 150 39 Mittels
951 2757 63 38 für
1053 2757 84 37 eine
1175 2767 73 25 nur
1278 2752 273 39 beschränkte.
1611 2747 183 39 Fincke

191 2820 182 51 dagegen
417 2818 135 38 theilt,
598 2815 99 39 ohne
743 2815 68 37 der
854 2812 185 38 früheren
1081 2807 333 49 Beobachtungen
1455 2803 251 49 Erwähnung
1748 2813 47 24 zu

189 2873 121 39 thun,
351 2886 86 25 eine
483 2871 121 39 Reibe
647 2882 74 24 von
764 2867 110 39 nicht
916 2879 201 26 schweren
1159 2858 430 43 Hospitalbrandfällen
1629 2858 88 42 mit,
1755 2867 40 23 m

192 2928 127 38 denen
350 2940 81 26 sich
462 2923 392 41 Holzkohlenpulver
884 2921 89 38 sehr
1003 2922 72 48 gut
1102 2916 213 40 bewährte.
1356 2915 160 38 Heine
1544 2911 107 37 hatte
1681 2907 113 39 keine

192 2981 166 39 Erfolge
389 2981 72 37 mit
490 2981 148 37 diesem
666 2977 142 38 Mittel.
