1972 3202
429 266 88 44 104

937 271 91 31 THE
1052 270 228 32 SIAMANG.

490 401 45 44 It
550 415 94 30 was
660 399 253 46 discovered
927 399 62 60 by
1004 398 71 47 Sir
1089 398 225 47 Stamford
1322 397 166 46 Raffles
1502 397 46 45 in
1563 397 227 54 Sumatra,

426 477 90 45 and
530 476 37 46 is
582 475 292 62 particularly
884 475 234 45 abundant
1126 475 46 44 in
1180 481 80 38 the
1274 474 191 61 vicinity
1473 473 49 47 of
1530 474 261 46 Bencoolen.

428 554 45 46 It
496 554 37 45 is
556 555 136 44 about
717 553 125 45 three
867 551 88 46 feet
977 552 49 44 in
1048 551 169 61 height,
1244 552 90 45 and
1356 551 37 46 is
1408 551 192 61 entirely
1616 551 49 46 of
1680 567 27 30 a
1723 552 70 60 jet

428 631 132 45 black
584 631 161 52 colour,
766 629 114 45 with
898 644 28 30 a
942 627 87 47 few
1049 628 221 46 scattered
1291 627 182 62 grayish
1496 628 120 45 hairs
1641 643 57 30 on
1716 628 78 45 the

430 708 160 45 cheeks
614 706 91 46 and
727 706 117 45 chin.
915 706 97 45 The
1034 706 100 45 hair
1155 721 121 46 upon
1298 705 80 46 the
1400 705 120 61 body
1538 705 38 45 is
1599 705 193 52 shining,

428 785 117 60 long,
572 783 99 53 soft,
697 784 90 45 and
809 783 138 45 thick.
1018 783 97 45 The
1138 781 94 48 face
1260 782 38 46 is
1327 782 146 54 black,
1509 788 79 38 the
1617 782 178 44 muzzle

430 862 137 52 short,
593 861 90 44 and
704 861 80 44 the
807 859 129 46 facial
954 860 130 45 angle
1101 859 112 46 from
1231 858 83 47 60°
1332 866 46 40 to
1403 858 97 47 65°.
1571 859 97 45 The
1691 874 105 30 nose

431 937 37 45 is
492 937 80 44 flat
596 937 91 44 and
710 937 234 60 depressed
974 937 154 53 above,
1160 937 84 45 but
1265 935 109 47 rises
1397 937 145 45 below
1565 935 229 61 abruptly,

433 1012 113 45 with
574 1028 27 29 a
636 1013 314 60 cartilaginous
990 1012 244 54 eminence,
1276 1012 49 46 in
1364 1013 148 44 which
1545 1012 79 45 the
1660 1012 135 53 large,

433 1104 158 46 nearly
615 1089 185 45 circular
829 1088 193 55 nostrils,
1048 1104 75 30 are
1155 1104 176 46 pierced
1363 1087 113 47 from
1508 1095 79 39 the
1611 1088 115 46 sides
1749 1089 48 45 in

436 1181 58 29 an
518 1165 178 46 oblique
719 1165 249 55 direction;
1004 1171 49 40 at
1087 1165 58 46 its
1179 1171 247 55 extremity
1449 1165 91 45 this
1570 1166 228 45 eminence

437 1241 37 46 is
505 1243 172 52 obtuse,
707 1242 89 45 and
827 1241 159 46 united
1016 1248 46 39 to
1093 1248 78 39 the
1201 1257 143 46 upper
1371 1242 64 61 lip
1469 1243 61 60 by
1565 1257 27 30 a
1624 1258 176 30 narrow

436 1318 236 62 gradually
696 1319 269 45 attenuated
996 1334 130 46 apex,
1157 1319 164 54 which,
1352 1317 191 63 forming
1565 1334 27 30 a
1621 1319 180 45 cartila-

436 1395 158 62 ginous
618 1410 118 39 arch,
761 1394 123 62 gives
908 1411 27 29 a
956 1395 197 62 peculiar
1170 1395 228 46 character
1414 1402 46 39 to
1477 1396 79 45 the
1574 1395 226 62 Siamang.

440 1473 98 44 The
563 1471 160 46 orbital
744 1472 174 45 margin
937 1472 37 46 is
992 1488 111 45 very
1120 1473 290 60 prominent;
1436 1473 90 45 and
1546 1474 77 44 the
1638 1472 165 46 frontal

439 1551 113 44 bone
575 1565 108 29 rises
706 1550 139 45 above
868 1556 79 39 the
978 1565 106 46 eyes
1115 1550 242 60 obliquely,
1383 1549 113 46 with
1521 1566 28 29 a
1572 1566 108 44 very
1702 1566 101 45 gra-

440 1625 107 46 dual
570 1625 262 46 inclination
855 1627 251 45 backward.
1176 1627 111 44 This
1304 1633 100 54 part
1427 1626 37 46 is
1488 1628 184 44 covered
1691 1635 113 37 with

440 1702 136 53 hairs,
602 1702 148 45 which
773 1703 117 45 have
914 1718 27 30 a
964 1702 206 46 different
1194 1709 227 39 character
1450 1702 111 46 from
1592 1710 127 38 those
1746 1719 57 29 on

443 1785 127 39 other
591 1794 121 45 parts
736 1778 50 46 of
800 1779 78 45 the
891 1780 121 60 body
1030 1795 15 39 ;
1070 1785 112 55 they
1200 1795 74 29 are
1296 1794 176 30 regular
1489 1780 90 44 and
1598 1780 206 54 straight,

442 1855 105 54 and,
572 1857 132 59 being
727 1855 163 62 closely
914 1856 178 61 applied
1121 1862 47 39 to
1199 1862 78 39 the
1307 1854 169 47 siurface
1501 1854 49 47 of
1573 1856 78 44 the
1674 1856 130 53 head,

444 1931 113 47 form
581 1948 27 29 a
629 1932 236 62 gradually
887 1932 138 62 rising
1046 1948 139 45 plain,
1214 1948 57 30 on
1301 1933 149 44 which
1484 1932 78 45 the
1595 1933 99 45 hair
1727 1949 80 44 ap-

444 2024 128 46 pears
597 2024 48 30 as
668 2008 42 46 if
736 2009 178 46 dressed
948 2024 48 31 or
1027 2009 217 45 rendered
1274 2009 174 45 smooth
1472 2010 62 60 by
1558 2016 81 38 art.
1711 2010 97 44 The

448 2101 96 29 ears
579 2100 73 30 are
687 2085 164 61 closely
886 2085 179 61 applied
1093 2092 47 39 to
1174 2086 79 44 the
1286 2085 131 54 head,
1453 2101 74 30 are
1560 2087 246 53 margined,

449 2163 90 44 and
572 2162 116 45 have
722 2163 252 60 externally
998 2168 78 40 the
1111 2178 123 29 same
1268 2168 221 40 structure
1522 2178 48 29 as
1605 2163 46 43 in
1686 2178 120 28 man.

449 2239 131 60 They
604 2254 74 29 are-
707 2238 48 44 in
779 2254 27 29 a
827 2245 124 54 gi'eat
984 2254 205 29 measure
1219 2239 232 44 concealed
1485 2240 61 58 by
1569 2239 78 44 the
1676 2238 133 61 hairy

449 2330 205 46 covering
677 2313 49 47 of
748 2314 78 45 the
848 2315 160 44 lateral
1030 2330 122 45 parts
1176 2314 51 45 of
1249 2315 76 44 the
1348 2314 130 55 head,
1505 2315 164 53 which,
1695 2322 114 38 with

448 2398 102 38 that
582 2390 50 46 of
657 2399 77 37 the
765 2391 291 53 extremities,
1087 2390 161 46 affords
1279 2406 27 29 a
1335 2407 109 45 very
1475 2391 195 61 peculiar
1703 2392 107 44 cha-

449 2483 157 39 racter,
643 2468 89 44 and
770 2467 59 45 its
867 2467 227 46 thickness
1130 2468 307 60 considerably
1477 2468 217 45 increases
1733 2468 78 44 the

448 2545 110 45 bulk
590 2544 49 46 of
669 2551 127 39 these
833 2551 137 56 parts.
1046 2545 44 45 It
1125 2543 185 47 consists
1345 2543 50 47 of
1422 2545 118 44 hairs
1575 2545 113 44 close
1722 2545 90 44 and
