2125 3612
293 319 86 31 THE
411 314 226 36 TROUBLES
669 313 55 32 OF
756 312 330 32 PROFESSIONAL
1119 313 307 32 VOICE-USERS.
1631 302 56 42 59

648 856 284 44 chaptee
976 856 87 42 nr.

28 1015 96 42 The
156 1015 237 42 Troubles
426 1024 55 32 of
518 1014 346 42 Professional
900 1014 312 42 Voice-users
1231 1028 10 38 ;
1282 1023 123 31 with
1442 1011 243 43 Appendix

543 1103 56 31 as
632 1103 56 32 to
720 1091 234 44 Writer's
988 1091 171 43 Cramp.

85 1230 56 42 In
184 1230 90 42 this
328 1230 191 56 chapter,
562 1244 65 28 we
670 1243 184 42 propose
908 1234 44 38 to
997 1228 202 43 consider
1249 1227 76 43 the
1377 1226 306 43 disturbances

22 1302 48 41 of
129 1302 241 55 phouation
428 1302 98 42 that
582 1316 71 27 are
716 1306 116 37 most
884 1306 78 37 apt
1019 1305 46 38 to
1118 1314 162 42 appear
1338 1313 161 43 among
1557 1299 126 43 those

23 1374 97 41 who
157 1374 186 56 require,
380 1374 46 41 in
465 1374 74 42 the
577 1373 121 42 daily
735 1373 203 42 business
976 1373 47 41 of
1056 1372 90 42 life,
1185 1377 44 36 to
1267 1385 78 28 use
1382 1371 116 42 their
1535 1371 147 42 voices

19 1445 348 56 professionally.
432 1445 253 51 Preachers,
717 1444 225 52 lecturers,
975 1444 210 52 teachers,
1219 1457 247 37 advocates,
1499 1442 184 51 officers,

16 1518 180 55 singers,
233 1523 153 45 actors,
424 1518 286 41 auctioneers,
747 1516 88 42 and
873 1522 347 36 costermongers
1259 1529 71 28 are
1374 1514 226 56 examples
1639 1516 47 40 of

7 1582 188 63 [persons
220 1588 96 42 who
340 1588 148 42 follow
512 1589 108 42 such
644 1588 309 56 occupations;
975 1587 87 42 and
1086 1587 74 43 the
1179 1587 77 43 list
1275 1587 142 56 might
1434 1588 53 42 be
1509 1588 173 55 greatly

14 1660 217 56 enlarged.
297 1660 161 56 People
480 1661 45 41 in
549 1660 178 57 general
752 1675 75 27 use
851 1660 117 42 their
990 1659 125 42 vocal
1139 1674 170 41 organs,
1331 1660 49 41 in
1402 1660 161 42 speech
1593 1661 88 41 and

13 1732 295 43 occasionally
331 1733 44 41 in
400 1747 120 42 song,
543 1733 46 41 in
613 1733 116 42 their
751 1732 122 42 daily
895 1731 103 43 life;
1029 1731 82 42 but
1134 1731 123 43 there
1279 1731 38 43 is
1347 1746 56 28 an
1437 1732 245 42 important

14 1805 236 42 difference
288 1805 200 43 between
528 1806 75 42 the
641 1805 161 43 speech
840 1819 49 28 or
926 1818 109 29 song
1072 1804 45 42 of
1153 1805 175 56 private
1366 1805 78 42 life
1483 1804 88 43 and
1606 1806 79 41 the

14 1877 159 55 speech
196 1891 48 27 or
266 1891 108 42 song
395 1877 205 43 required
622 1877 48 43 in
693 1892 25 27 a
740 1877 152 57 public
924 1877 172 42 oration
1130 1891 47 27 or
1209 1877 125 42 vocal
1366 1877 315 56 performance.

15 1949 90 41 The
148 1949 150 55 public
342 1951 324 54 performances
703 1954 84 52 put
828 1963 25 28 a
891 1949 141 42 strain
1074 1963 120 41 upon
1238 1949 75 43 the
1357 1949 125 43 vocal
1524 1964 157 29 organs

16 2021 98 42 that
147 2021 106 43 they
277 2036 72 28 are
383 2022 168 42 seldom
584 2021 228 44 subjected
848 2026 44 38 to
925 2022 48 40 in
1012 2021 75 42 the
1125 2035 151 29 course
1309 2022 47 42 of
1386 2022 172 55 private
1591 2022 89 43 life.

15 2092 158 43 Under
194 2093 139 42 strain
364 2094 124 42 these
512 2108 101 28 may
638 2094 133 41 break
794 2093 140 42 down.
998 2093 57 41 In
1078 2093 91 43 this
1192 2093 195 56 chapter,
1410 2108 57 28 an
1489 2100 192 50 attempt

19 2164 90 41 will
152 2164 53 42 be
248 2164 127 43 made
410 2171 45 36 to
490 2165 195 43 describe
721 2165 76 43 the
831 2164 176 43 various
1039 2179 117 41 ways
1199 2165 48 42 in
1287 2165 145 43 which
1467 2180 24 28 a
1527 2166 155 42 break-

19 2235 125 43 down
187 2250 102 42 may
332 2251 153 39 occur;
528 2242 45 37 to
616 2236 179 43 explain
830 2237 76 42 the
943 2237 197 42 curative
1184 2251 222 29 measures
1437 2238 97 42 that
1577 2252 103 42 may

15 2311 50 40 be
108 2307 108 43 used
262 2308 48 42 in
357 2308 74 43 the
475 2314 238 37 treatment
755 2309 46 41 of
841 2309 109 42 such
993 2323 145 29 cases;
1192 2310 87 42 and
1323 2315 45 38 to
1411 2310 100 56 give
1555 2324 122 29 some

39 2380 90 43 ules
172 2380 67 42 for
282 2380 75 43 the
400 2380 178 57 general
621 2386 312 52 management
975 2382 87 42 and
1111 2382 191 56 hygiene
1346 2383 45 41 of
1434 2382 75 43 the
1554 2382 126 43 vocal

16 2464 166 45 organs.

71 2525 91 42 The
185 2525 256 56 systematic
463 2526 133 56 study
621 2526 47 43 of
687 2526 76 43 the
786 2526 198 44 troubles
1007 2527 45 42 of
1084 2527 291 56 professional
1409 2541 271 29 voice-users

29 2611 61 28 las
123 2597 44 42 of
199 2596 87 44 late
318 2612 127 41 years
477 2599 109 42 been
621 2599 195 56 pursued
849 2600 59 42 by
931 2614 25 28 a
988 2600 189 42 number
1214 2600 48 41 of
1289 2600 111 57 good
1439 2614 240 28 observers.

28 2670 85 51 But,
133 2669 210 56 although
368 2670 132 43 much
523 2686 199 41 progress
745 2672 79 43 has
847 2672 111 43 been
982 2672 142 43 made,
1141 2672 36 43 it
1201 2678 163 37 cannot
1386 2673 53 42 be
1462 2672 95 43 said
1581 2672 98 42 that

26 2741 199 43 icientific
263 2742 258 58 knowledge
559 2743 230 57 regarding
821 2745 108 42 such
966 2745 230 43 affections
1235 2745 37 43 is
1310 2751 76 50 yet
1424 2745 46 41 in
1510 2760 24 26 a
1573 2759 109 41 very

27 2814 209 43 idvanced
261 2815 237 43 condition.
563 2815 154 53 Much,
739 2816 216 44 however,
978 2817 99 42 that
1109 2818 38 42 is
1180 2819 245 41 important
1457 2817 79 43 has
1569 2817 112 43 been

30 2886 159 43 earned
209 2902 8 37 ;
239 2887 87 42 and
350 2887 75 43 the
443 2887 171 56 subject
636 2888 37 43 is
693 2888 101 43 well
812 2889 172 56 worthy
1003 2889 45 42 of
1066 2890 166 42 careful
1250 2890 147 56 study,
1415 2889 150 43 seeing
1583 2894 99 38 that

19 2967 40 37 to
91 2972 133 42 many
258 2973 192 42 persons,
484 2960 47 42 in
564 2960 60 42 all
657 2960 205 44 civilized
895 2962 325 53 communities,
1243 2962 173 57 depend
1453 2976 115 41 upon
1604 2962 77 42 the

20 3030 113 43 Koice
174 3030 65 43 for
276 3045 25 28 a
336 3031 251 44 livelihood.
669 3033 54 42 In
759 3033 110 44 such
904 3048 196 42 persons,
1129 3049 26 27 a
1190 3034 135 42 break
1364 3034 126 41 down
1527 3034 44 41 of
1606 3034 75 42 the

21 3101 118 44 vocal
179 3117 156 42 organs
379 3118 100 42 may
519 3105 52 42 be
618 3110 114 38 most
770 3106 244 43 disastrous
1051 3111 43 38 to
1134 3105 270 44 themselves
1442 3106 86 42 and
1569 3105 115 43 their

21 3172 197 45 'amilies.
