2107 3450
662 296 213 31 HUNTING
907 295 84 31 FOR
1023 293 89 31 THIS
1144 294 149 31 BLIND.

1724 285 82 44 177

148 420 258 43 interesting
422 417 169 44 remark
617 416 125 43 made
764 417 57 41 by
841 416 74 42 Mr
937 413 141 57 Tylor.
1144 413 72 43 He
1238 427 113 42 says,
1438 416 46 46 ©
1512 414 146 43 before
1681 416 123 41 clock

148 492 28 40 4
194 492 117 41 min,'
333 491 85 42 and
442 492 8 20 1
461 488 28 60 j)
511 490 105 41 rises
639 493 43 37 at
708 489 24 41 8
757 487 39 44 h,
823 488 54 42 35
904 485 79 46 in.,'
1002 485 177 44 survive
1204 491 43 36 to
1270 484 121 43 show
1411 485 98 43 that
1532 500 110 29 even
1665 486 47 42 in
1730 487 76 43 the

148 563 134 42 midst
304 564 47 41 of
370 562 72 42 the
465 560 175 57 highest
654 560 233 55 European
910 557 280 44 civilisation,
1214 556 75 44 the
1313 556 131 56 spirit
1466 558 48 41 of
1534 557 74 43 the
1632 559 177 43 earliest

148 633 86 41 and
266 632 150 42 rudest
448 632 110 41 form
591 631 46 41 of
669 636 178 36 writing
878 630 36 42 is
948 633 78 38 not
1056 632 77 52 yet
1165 628 123 56 quite
1321 628 207 43 extinct."
1592 627 23 43 I
1649 629 159 43 should

146 704 102 49 like,
290 703 214 42 however,
547 707 44 37 to
634 715 78 29 say
754 716 25 28 a
822 703 84 40 few
952 700 139 42 words
1134 714 136 28 about
1313 699 75 43 the
1426 699 165 44 Raised
1636 700 172 44 Letters

147 781 96 35 that
265 774 111 43 have
399 775 109 42 been
541 773 213 43 invented
786 773 66 42 for
874 773 76 42 the
983 772 165 43 benefit
1170 771 45 43 of
1237 771 76 43 the
1336 771 148 43 Blind.
1548 771 103 43 Full
1673 772 136 43 infor-

146 846 166 42 mation
345 860 56 28 on
435 846 75 42 the
543 846 172 55 subject
745 859 103 29 may
881 845 53 42 be
969 844 136 43 found
1145 843 46 44 in
1226 844 73 43 the
1334 844 121 42 work
1488 844 57 56 by
1579 845 68 41 Dr
1679 844 45 42 T.
1758 844 50 43 E.

145 918 242 56 Armitage,
420 918 116 43 Hon.
560 918 226 43 Secretary
810 922 45 38 to
879 918 75 42 the
978 916 169 43 British
1170 916 87 43 and
1293 916 189 43 Foreign
1516 916 135 42 Blind
1673 916 136 44 Asso-

145 988 190 44 ciation.1

204 1062 91 42 The
316 1062 205 42 inventor
543 1061 47 43 of
609 1061 141 43 raised
784 1061 247 44 characters
1054 1062 67 41 for
1144 1061 75 43 the
1243 1060 126 43 blind
1394 1075 89 28 was
1509 1061 62 42 M.
1596 1061 214 43 Valentin

145 1133 147 57 Hauy,
316 1134 74 43 the
414 1134 189 43 founder
624 1135 47 42 of
690 1134 75 42 the
797 1134 262 42 Institution
1092 1134 69 42 des
1192 1133 158 43 Jeitnes
1370 1133 212 56 Aveuglcs
1605 1133 46 42 in
1674 1133 135 43 Paris.

145 1205 72 42 He
250 1204 210 44 invented
493 1206 141 42 raised
677 1211 246 37 characters
955 1205 48 43 in
1039 1203 141 55 1784;
1223 1205 143 57 using,
1400 1205 67 42 for
1500 1204 76 43 the
1608 1219 202 41 purpose,

145 1277 75 43 the
264 1277 133 43 Italic
435 1292 47 28 or
520 1278 175 42 written
735 1278 112 42 form
883 1278 48 41 of
964 1277 76 42 the
1077 1277 173 42 Eonian
1294 1276 142 43 letter.
1501 1276 105 42 This
1643 1290 167 29 system

145 1363 90 28 was
257 1349 259 43 introduced
549 1350 94 42 into
666 1350 89 42 this
788 1353 184 39 country
996 1349 47 43 in
1077 1348 128 43 1834,
1229 1349 81 42 but
1341 1348 36 42 it
1409 1362 86 29 was
1528 1362 107 29 soon
1659 1362 151 42 super-

147 1421 144 43 seded.

208 1492 75 42 Mr
306 1491 118 44 Gall,
448 1494 47 40 of
513 1493 275 56 Edinburgh,
810 1492 47 43 in
887 1492 128 51 1834,
1037 1496 179 52 printed
1240 1490 74 43 the
1349 1491 168 43 Gospel
1540 1491 45 43 of
1615 1491 51 43 St
1688 1491 122 43 John

143 1563 47 42 in
224 1578 25 27 a
281 1564 206 42 modified
520 1565 172 41 Roman
725 1564 143 51 letter,
900 1577 129 29 using
1067 1562 196 44 serrated
1300 1562 115 44 lines
1459 1563 87 42 and
1584 1564 228 57 replacing

144 1650 155 28 curves
323 1635 57 56 by
405 1635 163 56 angles.

202 1707 76 42 Mr
298 1707 175 43 Alston,
496 1708 47 42 of
572 1707 219 57 Glasgow,
813 1708 213 56 adopting
1048 1708 75 42 the
1155 1707 100 43 idea
1278 1708 47 41 of
1354 1708 66 41 Dr
1450 1707 101 57 Fry,
1575 1707 75 44 the
1683 1712 126 53 type-

141 1779 198 51 founder,
372 1779 107 44 used
512 1780 206 56 ordinary
752 1780 171 45 Roman
958 1779 287 57 capitals,—a
1279 1779 180 43 method
1492 1779 93 43 still
1621 1780 108 43 used
1762 1781 45 43 in

143 1864 119 29 some
284 1851 44 42 of
352 1851 74 43 the
451 1849 190 45 English
665 1852 88 42 and
776 1852 240 43 American
1038 1851 209 56 asylums.

203 1923 91 43 The
326 1928 166 52 system
526 1924 44 42 of
602 1923 157 44 Lucas,
782 1923 261 43 introduced
1077 1923 135 43 about
1238 1924 127 51 1838,
1388 1924 37 43 is
1453 1939 25 28 a
1500 1925 310 56 stenographic

144 1994 268 54 shorthand;
443 1996 86 42 and
553 1996 74 43 the
650 1996 245 43 characters
928 2011 72 27 are
1033 1995 246 56 altogether
1311 1996 230 56 arbitrary,
1564 2003 245 51 consisting

146 2066 168 57 mainly
336 2067 44 42 of
402 2067 113 43 lines
539 2068 105 42 with
680 2083 46 27 or
761 2068 188 42 without
972 2082 24 28 a
1026 2068 77 42 dot
1126 2071 45 39 at
1193 2082 82 29 one
1299 2067 97 44 end.
1461 2068 45 43 It
1537 2069 37 43 is
1607 2069 109 43 used
1749 2070 57 56 by

146 2138 76 43 the
244 2139 183 42 London
452 2140 174 42 Society
650 2141 66 41 for
749 2140 204 43 teaching
986 2140 75 42 the
1093 2139 125 43 blind
1241 2145 45 37 to
1309 2140 116 52 read,
1458 2141 87 42 and
1567 2141 48 42 in
1637 2143 169 42 several

144 2210 46 42 of
212 2210 75 43 the
309 2210 243 56 provincial
574 2211 208 56 asylums.

205 2282 91 43 The
320 2282 163 43 Braille
516 2290 164 49 system
707 2298 87 28 was
826 2283 213 43 invented
1071 2284 46 41 in
1148 2283 129 52 1829,
1300 2283 57 43 by
1382 2284 62 42 M.
1471 2285 132 43 Louis
1629 2283 178 55 Braille,

144 2367 25 30 a
193 2354 122 42 blind
339 2354 125 56 pupil
497 2356 45 41 of
573 2356 75 42 the
680 2355 262 43 Institution
973 2356 69 42 des
1073 2355 157 43 Jeunes
1250 2357 209 55 Aveugles
1491 2357 47 42 in
1562 2357 134 44 Paris.
1763 2359 45 42 It

144 2425 78 44 has
245 2426 110 43 been
377 2428 335 43 recommended
745 2428 67 43 for
842 2428 212 57 adoption
1086 2428 59 57 by
1168 2442 132 43 every
1323 2429 236 56 European
1590 2430 216 45 Congress

144 2500 47 40 of
210 2499 229 43 educators
471 2500 45 42 of
549 2499 74 44 the
657 2500 126 43 blind
809 2500 119 44 since
954 2499 126 44 1878.
1145 2504 21 18 "
1183 2501 66 42 Its
1272 2501 120 56 signs
1415 2516 72 29 are
1511 2502 155 56 purely
1689 2504 114 42 arbi-

143 2576 132 52 trary,
297 2571 86 43 and
406 2572 166 43 consist
604 2572 45 43 of
674 2573 183 57 varying
882 2573 322 42 combinations
1227 2574 48 41 of
1293 2574 68 42 six
1384 2573 162 57 points,
1568 2575 157 56 placed
1757 2577 47 41 in

143 2656 56 28 an
237 2642 170 57 oblong,
445 2644 45 41 of
528 2643 144 43 which
715 2645 75 42 the
829 2644 184 44 vertical
1056 2644 93 44 side
1188 2645 202 43 contains
1429 2645 135 52 three,
1602 2647 88 43 and
1728 2648 76 43 the

143 2713 243 44 horizontal
405 2721 86 37 two
509 2716 183 55 points."
755 2717 139 43 There
917 2731 73 29 are
1012 2721 230 52 sixty-two
1266 2716 191 57 possible
1481 2719 324 43 combinations

144 2785 45 42 of
211 2785 122 43 these
355 2787 68 42 six
457 2788 157 55 points,
637 2792 83 39 "so
742 2788 100 44 that
873 2790 113 42 after
1013 2790 76 42 the
1112 2789 172 43 modest
1306 2791 323 55 requirements
1652 2793 48 43 of
1728 2793 76 44 the

144 2856 185 56 English
361 2858 207 56 alphabet
601 2860 112 44 have
746 2861 109 43 been
887 2862 219 56 supplied,
1146 2862 124 43 there
1307 2863 167 42 remain
1515 2878 25 27 a
1583 2866 222 42 sufficient

146 2928 183 43 number
351 2932 46 40 of
416 2931 119 56 signs
559 2933 64 41 for
645 2933 306 56 punctuation,
974 2935 310 52 contractions,
1307 2934 106 44 etc."
1476 2936 85 42 For
1576 2936 73 43 the
1672 2937 133 42 letter

144 2999 55 51 A,
232 2999 103 57 only
367 3016 81 28 one
481 3004 46 41 of
557 3004 73 43 the
663 3005 65 43 six
763 3005 237 43 dots—the
1034 3013 256 48 uppermost
1323 3007 45 42 of
1400 3007 76 43 the
1509 3007 80 44 left
1620 3009 183 41 vertical

145 3069 192 46 side—is
361 3072 136 43 raised
516 3089 8 37 ;
559 3075 62 41 for
643 3074 49 44 B,
715 3075 89 43 this
837 3090 119 29 same
989 3075 76 43 dot
1088 3076 86 42 and
1198 3075 75 43 the
1296 3090 82 29 one
1400 3076 140 43 below
1565 3077 61 42 it;
1658 3078 67 41 for
1757 3077 47 52 C,

236 3170 11 23 1
282 3171 69 36 The
370 3172 204 38 Education
592 3175 75 35 and
686 3175 253 47 Employment
958 3175 41 48 of
1012 3176 56 36 the
1085 3176 125 36 Blind.
1265 3176 145 37 Second
1432 3177 157 44 edition,
1612 3180 102 34 1686.

1606 3238 21 30 Z
