2113 3404
894 237 87 30 THE
1012 238 243 33 DISORDKKS
1287 241 57 31 OF
1376 242 173 32 SPEECH.

413 350 276 57 incessantly,
711 354 85 42 and
820 368 61 29 we
905 369 109 28 were
1037 357 90 42 told
1150 358 96 42 that
1266 358 67 42 his
1355 360 137 42 words
1523 374 108 28 were
1663 366 76 36 not
1768 361 260 49 incoherent,

415 420 78 42 but
514 421 144 43 rather
680 437 25 28 a
727 426 215 42 narrative
964 427 44 41 of
1039 432 97 50 past
1157 430 515 42 eventr,—recollections,
1693 431 44 41 in
1769 431 127 42 short.
1959 432 69 42 He

414 491 234 44 continued
670 494 45 41 in
748 494 88 43 this
868 500 111 38 state
1014 498 61 39 for
1106 497 191 43 between
1332 503 83 39 two
1441 500 85 42 and
1548 501 120 42 three
1689 501 118 55 days,
1830 501 121 42 when
1975 502 52 42 he

415 561 136 56 began
573 566 45 39 to
640 565 132 54 speak
796 570 111 37 most
930 567 318 43 unmistakable
1270 570 192 55 English,
1485 571 78 41 but
1583 585 129 28 every
1735 571 114 41 word
1881 571 146 55 nearly

415 646 85 28 was
523 647 54 27 an
601 634 113 51 oath,
737 635 84 41 and
844 640 111 37 most
983 636 186 43 horrible
1201 638 302 55 imprecations
1535 640 53 42 he
1623 641 174 42 uttered.
1860 641 169 53 During

414 701 121 43 three
557 717 47 28 or
625 704 96 41 four
737 705 106 54 days
865 705 160 55 longer,
1042 706 54 42 he
1115 721 96 41 may
1230 708 51 42 be
1303 709 93 42 said
1418 714 43 37 to
1483 709 108 43 have
1611 711 148 53 spoken
1774 710 152 42 Welsh
1943 711 84 41 and

413 787 135 28 sworn
569 773 193 56 English.
825 774 63 42 As
911 776 321 43 consciousness
1254 779 223 53 gradually
1499 780 214 42 returned,
1735 780 54 42 he
1811 780 149 42 ceased
1987 785 42 37 to

414 844 132 54 speak
587 845 151 41 Welsh
782 845 85 41 and
909 850 43 36 to
995 860 133 27 swear
1169 848 205 54 English;
1419 848 86 41 and
1549 849 121 41 when
1711 849 54 42 he
1806 851 223 40 recovered

414 914 271 55 completely,
708 915 113 42 after
843 930 54 26 an
920 916 150 42 illness
1091 917 45 41 of
1156 918 131 41 about
1310 923 161 50 twenty
1491 919 117 54 days,
1625 919 53 41 he
1700 921 132 53 spoke
1850 920 177 42 English

412 985 86 41 and
520 986 151 41 ceased
696 991 42 36 to
761 1000 144 28 swear.
968 987 137 42 There
1127 1001 87 28 was
1232 1002 54 27 no
1310 990 184 40 fracture
1517 990 45 40 of
1581 989 73 41 the
1686 990 128 52 skull,
1835 990 85 42 and
1953 991 76 41 but

412 1055 117 43 little
552 1057 196 41 external
771 1057 181 55 injury."

470 1126 104 43 This
594 1127 37 42 is
653 1141 24 27 a
697 1128 109 55 good
829 1142 107 38 case,
959 1128 194 42 showing
1174 1129 95 41 how
1292 1129 74 42 the
1388 1129 146 42 native
1556 1130 219 55 language,
1796 1131 129 55 being
1957 1131 72 42 the

413 1202 113 37 most
547 1198 155 55 deeply
726 1198 215 55 engraved
963 1199 44 41 in
1031 1199 74 42 the
1127 1213 204 41 memory,
1354 1214 85 27 was
1463 1199 72 42 the
1563 1199 109 43 least
1700 1200 134 42 easily
1856 1204 172 38 obliter-

412 1269 99 41 ated
527 1285 10 36 ;
577 1269 86 41 and
705 1269 96 41 how
843 1269 46 42 in
931 1269 74 42 the
1048 1270 202 54 acquired
1290 1269 221 56 language,
1545 1270 192 55 English,
1778 1271 73 41 the
1893 1271 135 42 words

412 1344 115 37 most
555 1340 135 55 easily
712 1340 176 42 revived
921 1354 109 28 were
1064 1340 120 42 those
1216 1340 96 42 that
1343 1340 84 41 had
1459 1341 107 41 been
1599 1341 94 41 best
1726 1341 303 41 imprinted,—

414 1411 208 55 probably
645 1411 58 41 by
725 1415 20 16 "
765 1411 235 55 frequency
1022 1411 43 41 of
1087 1412 228 40 repetition
1339 1411 84 41 and
1446 1410 216 42 emphasis
1684 1413 45 39 of
1748 1411 282 42 expression."

471 1482 89 41 The
583 1481 157 42 second
763 1495 94 28 case
879 1482 46 41 of
955 1482 87 41 this
1064 1481 120 51 kind,
1207 1481 139 42 which
1380 1482 22 40 I
1435 1496 95 26 now
1564 1481 178 55 proceed
1774 1487 43 36 to
1848 1481 125 42 make
2005 1495 24 27 a

414 1557 101 38 note
537 1553 55 41 of,
614 1552 77 42 has
714 1552 122 42 other
858 1552 146 55 points
1026 1552 44 41 of
1091 1552 158 41 special
1272 1552 189 41 interest.

475 1695 118 42 Case
617 1694 84 42 III.
735 1692 241 55 (Professor
1007 1692 207 56 Grashey,
1236 1692 162 43 Archiv
1419 1693 85 54 fur
1534 1693 154 53 Psych.,
1720 1692 97 49 xvi.,
1841 1692 123 49 1885,
1990 1705 38 40 p.

415 1764 269 43 654).—The
706 1764 169 54 patient
897 1777 86 27 was
1005 1778 24 26 a
1051 1763 173 50 brewer,
1242 1763 105 54 aged
1371 1761 64 45 27.
1499 1763 53 40 In
1575 1763 245 41 November
1839 1762 123 50 1883,
1977 1762 51 40 he

414 1835 222 43 sustained
659 1849 25 27 a
705 1836 186 40 fracture
923 1834 43 41 of
1000 1834 75 40 the
1107 1834 99 40 base
1238 1834 45 40 of
1315 1833 73 41 the
1419 1832 127 42 skull,
1583 1833 62 40 for
1678 1832 139 41 which
1854 1832 54 41 he
1945 1845 84 27 was

414 1907 163 42 treated
615 1906 44 42 in
700 1905 198 55 hospital.
972 1904 145 42 When
1156 1904 53 41 he
1245 1903 224 42 recovered
1506 1902 331 51 consciousness,
1873 1902 36 41 it
1944 1916 86 27 was

414 1977 136 42 found
575 1982 93 36 that
691 1976 120 42 there
836 1990 84 26 was
940 1989 156 27 almost
1113 1979 210 36 complete
1341 1973 195 42 deafness
1558 1973 43 41 of
1623 1972 71 41 the
1717 1972 114 55 right
1853 1985 81 37 ear,
1947 1971 83 41 and

413 2062 158 28 almost
594 2051 212 38 complete
829 2046 224 42 blindness
1085 2046 43 40 of
1159 2045 73 41 the
1265 2044 115 55 right
1412 2058 89 41 eye,
1523 2057 140 27 whose
1687 2042 98 42 field
1817 2044 45 39 of
1890 2056 139 27 vision

416 2132 86 28 was
538 2122 44 37 at
620 2117 73 41 the
728 2131 116 27 same
887 2116 104 41 time
1031 2114 237 43 extremely
1307 2113 257 42 contracted.
1628 2112 53 41 In
1717 2111 73 41 the
1827 2111 79 41 left
1941 2125 89 37 eye,

414 2189 74 42 the
506 2187 100 42 field
624 2188 46 41 of
689 2187 139 41 vision
848 2200 86 27 was
951 2184 299 55 considerably
1269 2183 257 42 contracted,
1540 2181 83 42 and
1642 2181 72 41 the
1728 2180 140 42 visual
1884 2186 145 48 acuity

415 2274 86 27 was
523 2258 184 42 lowered
730 2261 43 37 to
798 2255 246 43 two-thirds
1066 2255 44 41 of
1142 2255 73 41 the
1238 2253 177 42 normal.
1478 2252 134 42 There
1636 2265 84 27 was
1742 2250 131 55 slight
1894 2255 137 36 motor

416 2330 160 55 paresis
599 2329 44 41 in
667 2328 73 42 the
764 2327 138 41 whole
924 2327 45 41 of
989 2326 72 41 the
1082 2325 115 55 right
1219 2324 91 42 side
1331 2324 44 40 of
1395 2323 73 42 the
1490 2322 122 55 body.

472 2401 63 41 As
558 2404 43 37 to
625 2397 169 57 speech,
815 2397 121 42 there
958 2410 87 28 was
1067 2401 45 36 at
1134 2396 95 40 first
1260 2407 176 28 marked
1469 2391 343 49 word-deafness,
1833 2390 79 42 but
1941 2389 88 41 this

414 2470 194 56 speedily
640 2468 152 56 passed
826 2467 68 42 off.
956 2467 136 41 There
1127 2479 85 27 was
1245 2463 176 42 marked
1451 2462 85 42 and
1567 2461 160 55 lasting
1761 2460 190 42 amnesia
1985 2459 44 41 of

413 2554 153 29 nouns,
588 2540 80 41 but
688 2553 55 27 no
761 2551 265 42 paraphasia.
1088 2534 140 42 Apart
1249 2534 108 41 from
1380 2533 86 41 this
1488 2533 192 40 amnesia
1711 2531 46 40 of
1784 2544 150 37 nouns,
1957 2529 71 41 the

413 2614 171 53 patient
605 2609 85 42 had
712 2623 55 28 no
790 2607 214 43 difficulty
1026 2607 43 40 in
1095 2617 249 42 expressing
1364 2602 198 52 himself;
1594 2615 76 27 nor
1691 2614 86 28 was
1804 2600 118 42 there
1943 2614 83 39 any

413 2681 215 43 difficulty
662 2679 46 43 in
744 2678 178 43 reading
955 2676 127 42 aloud
1117 2676 108 40 from
1261 2688 25 27 a
1321 2673 123 50 book,
1479 2687 46 26 or
1559 2670 45 44 in
1638 2671 220 54 repeating
1893 2683 135 27 words

413 2753 164 43 spoken
614 2756 43 37 to
691 2751 103 40 him.
858 2749 54 40 In
950 2754 183 47 writing,
1155 2745 67 41 his
1259 2757 102 41 only
1395 2742 213 54 difficulty
1646 2754 85 28 was
1768 2740 82 41 due
1884 2744 43 37 to
1961 2739 66 40 his

413 2823 192 43 amnesia
626 2822 46 42 of
691 2833 150 29 nouns.

473 2894 91 42 The
586 2891 193 57 peculiar
802 2891 164 40 feature
989 2888 45 41 of
1053 2887 73 41 the
1149 2900 94 28 case
1265 2885 77 41 has
1368 2888 74 51 yet
1463 2887 43 38 to
1528 2883 52 41 be
1603 2881 149 43 stated.
1817 2881 41 40 It
1889 2893 85 28 was
2005 2893 25 27 a

414 2970 114 38 most
548 2961 270 45 remarkable
839 2964 202 38 shortness
1061 2958 51 55 of
1125 2969 181 29 memory
1324 2955 64 42 for
1409 2953 160 55 objects
1586 2966 111 36 seen,
1711 2951 84 42 and
1813 2950 64 42 for
1895 2962 134 28 words

414 3050 100 30 seen
537 3049 47 28 or
606 3033 140 43 heard.
809 3031 90 42 The
921 3029 299 43 sound-image
1241 3025 48 43 of
1310 3039 25 28 a
1357 3024 127 50 word,
1506 3037 46 28 or
1574 3022 72 42 the
1670 3020 295 53 visual-image
1987 3017 46 43 of
