2113 3404
420 238 85 43 420

918 255 86 31 THE
1036 257 241 33 DISORDERS
1310 258 52 32 OF
1394 260 173 33 SPEECH.

483 425 273 46 Pathology
786 440 54 32 of
870 442 87 31 the
988 433 167 43 Motor
1186 436 174 43 Tubers
1392 448 83 31 for
1507 437 225 42 Speaking
1764 448 90 31 and
1886 448 84 32 for

1129 505 220 44 Writing.

484 597 154 43 Before
661 601 174 54 passing
858 606 43 38 to
923 602 74 43 the
1019 604 315 43 consideration
1366 606 44 42 of
1442 606 72 43 the
1546 611 131 38 tracts
1710 608 63 40 fur
1805 607 233 55 phonation

426 667 84 41 and
533 668 89 42 oral
653 671 411 44 articulation—the
1097 675 286 54 speech-tract
1415 677 258 54 proper,—it
1705 692 110 40 may,
1848 678 20 40 I
1901 677 139 51 think,

427 737 51 42 be
503 738 94 42 well
623 743 42 38 to
688 741 125 41 make
836 742 100 41 here
959 757 24 26 a
1004 743 119 41 short
1146 749 98 37 note
1266 745 132 41 about
1415 746 73 41 the
1504 746 231 54 pathology
1753 747 43 40 of
1814 746 72 42 the
1904 751 136 37 motor

425 813 111 37 tract
558 809 65 41 for
647 810 180 56 writing.
890 812 103 42 This
1015 813 90 41 will
1126 814 114 42 clear
1261 828 77 28 our
1359 829 94 28 way
1476 816 63 41 for
1562 816 72 42 the
1656 816 314 42 consideration
1996 818 46 41 of

425 877 75 44 the
522 880 289 54 speech-tract
828 896 162 41 proper.

594 1033 103 41 Note
718 1047 53 27 on
792 1033 65 42 the
877 1034 230 56 Pathology
1129 1036 49 54 of
1192 1036 63 41 the
1278 1036 134 42 Motor
1437 1037 124 41 Tract
1572 1038 77 54 for
1681 1037 192 56 Writing.

484 1149 90 43 The
597 1154 109 38 tract
728 1151 64 41 for
811 1152 172 55 writing
999 1152 49 42 is,
1065 1152 46 42 of
1130 1167 160 28 course,
1314 1154 71 41 the
1407 1158 109 37 tract
1539 1154 63 42 for
1625 1155 72 41 the
1718 1158 262 39 movements
1998 1155 45 41 of

427 1220 73 42 the
522 1221 116 55 right
659 1221 128 43 hand.
850 1222 64 42 Its
933 1223 93 41 first
1048 1223 168 55 trophic
1237 1224 129 42 realm
1393 1225 145 41 begins
1561 1226 46 39 in
1631 1225 71 41 the
1725 1230 153 36 cortex,
1900 1239 45 27 as
1967 1225 72 41 the

427 1294 138 38 motor
599 1297 145 36 centre
779 1292 62 41 for
874 1292 72 41 the
984 1292 127 50 hand,
1157 1292 137 42 which
1326 1294 36 40 is
1395 1294 187 41 situated
1614 1294 130 41 about
1777 1294 71 40 the,
1882 1293 157 41 middle

424 1361 48 40 of
491 1361 72 42 the
585 1361 80 43 left
687 1362 232 42 ascending
950 1362 159 41 frontal
1140 1363 84 41 and
1256 1363 233 55 ascending
1520 1363 179 55 parietal
1730 1368 311 45 convolutions,

423 1429 114 43 close
559 1431 161 41 behind
742 1431 74 42 the
837 1438 144 35 centre
996 1432 54 41 D,
1064 1446 46 27 as
1124 1432 173 56 already
1316 1433 238 41 explained.
1619 1433 63 41 Its
1701 1432 154 42 second
1874 1432 166 54 trophic

423 1501 135 42 realm
581 1502 150 42 begins
754 1503 44 40 in
822 1503 73 41 the
917 1502 115 55 right
1054 1503 187 41 anterior
1263 1517 132 27 cornu
1418 1503 42 41 of
1484 1503 71 41 the
1577 1503 137 54 spinal
1750 1503 110 41 cord,
1892 1506 44 37 at
1967 1502 71 41 the

423 1572 132 42 lower
596 1572 84 43 end
713 1573 44 41 of
789 1573 74 42 the
897 1573 183 42 cervical
1113 1577 302 51 enlargement.
1489 1572 141 42 Apart
1672 1573 106 41 from
1819 1573 113 40 what
1962 1573 76 40 has

425 1643 171 55 already
622 1644 107 41 been
751 1644 93 41 said
866 1644 131 41 about
1022 1644 71 41 the
1116 1644 214 54 supposed
1352 1643 203 42 relations
1578 1643 43 41 of
1644 1643 72 41 the
1739 1647 136 37 motor
1896 1647 142 37 centre

428 1715 62 40 for
522 1714 72 41 the
617 1714 117 42 hand
757 1715 104 41 with
885 1715 73 41 the
991 1728 143 29 centre
1169 1715 54 40 D,
1257 1715 22 40 I
1318 1715 107 40 have
1462 1713 114 42 little
1614 1718 43 37 to
1691 1727 76 28 say
1803 1713 132 41 about
1966 1713 71 40 the

429 1788 135 37 motor
588 1788 109 37 tract
719 1785 63 40 for
808 1793 172 33 writing
1004 1784 95 41 that
1130 1798 79 28 can
1241 1784 130 54 apply
1404 1783 207 55 specially
1644 1790 42 35 to
1718 1783 95 41 that
1845 1788 79 44 act,
1956 1783 83 40 and

426 1859 76 37 not
523 1854 91 42 also
633 1859 42 37 to
693 1854 72 42 the
788 1854 122 42 other
931 1858 268 38 movements
1221 1854 46 41 of
1286 1854 72 41 the
1381 1853 125 42 hand.
1569 1854 52 40 In
1645 1867 194 27 common
1861 1866 117 28 cases
2000 1853 47 40 of

427 1939 119 41 gross
589 1924 187 43 cerebral
817 1925 137 41 lesion
991 1924 238 55 producing
1270 1924 117 54 right
1423 1922 270 55 hemiplegia,
1730 1923 73 41 the
1835 1927 108 36 tract
1981 1922 62 40 for

429 1995 74 42 the
525 1995 118 41 hand
665 1995 37 41 is
734 1995 44 41 of
812 2007 148 29 course
994 2008 105 40 very
1136 1993 247 55 frequently
1421 1992 215 52 involved,
1668 1991 127 56 along
1831 1991 104 41 with
1974 1991 72 41 the

427 2070 88 38 rest
537 2065 44 43 of
604 2065 72 43 the
697 2065 172 56 general
892 2078 137 28 motor
1050 2067 136 49 tract;
1217 2064 96 51 and,
1335 2063 137 55 again,
1494 2063 46 41 in
1561 2063 158 41 lesions
1740 2062 44 41 in
1809 2061 72 42 the
1913 2075 133 40 upper

428 2141 97 51 part
551 2136 43 41 of
627 2136 73 41 the
732 2135 141 42 spinal
911 2134 99 42 cord
1049 2134 118 42 there
1201 2134 35 42 is
1273 2139 119 36 often
1429 2132 208 55 paralysis
1673 2133 45 40 of
1752 2146 78 27 one
1864 2146 45 26 or
1941 2130 103 41 both

431 2206 147 42 hands.
642 2205 100 42 But,
774 2219 46 27 as
854 2218 62 27 we
948 2204 110 41 have
1089 2217 112 28 seen,
1233 2203 35 41 if
1305 2203 74 41 the
1411 2202 155 42 speech
1597 2205 166 38 centres
1795 2213 70 28 are
1901 2199 146 49 intact,

431 2277 85 40 and
538 2276 74 42 the
634 2275 79 42 left
734 2275 117 41 hand
875 2274 256 42 unaffected,
1153 2274 73 41 the
1249 2273 168 55 patient
1439 2286 79 28 can
1540 2271 92 43 still
1664 2277 121 35 write
1817 2269 105 42 with
1955 2269 93 41 that

431 2348 128 50 hand,
582 2347 163 42 though
769 2347 72 41 the
863 2345 117 42 right
1001 2345 51 41 be
1075 2343 237 56 paralyzed.

491 2418 58 42 Of
578 2431 166 42 greater
775 2417 182 41 interest
990 2416 45 40 in
1072 2414 183 41 relation
1291 2418 42 36 to
1378 2413 71 41 the
1492 2417 68 37 act
1600 2413 44 40 of
1687 2417 170 48 writing
1897 2410 36 41 is
1975 2409 71 41 the

431 2487 382 44 fatigue-neurosis
854 2487 161 41 known
1056 2498 46 28 as
1144 2483 196 43 Writer's
1383 2483 168 54 Cramp,
1589 2481 139 42 which
1765 2481 76 40 has
1877 2479 171 54 already

432 2561 109 41 been
574 2558 248 43 considered
856 2557 43 41 in
933 2556 73 41 the
1047 2554 113 42 third
1193 2554 177 42 chapter
1401 2554 45 40 of
1484 2553 84 41 this
1598 2551 129 42 work.
1802 2551 42 40 It
1876 2549 89 42 will
1997 2549 52 41 be

432 2628 291 45 remembered
747 2631 106 38 that,
876 2626 45 41 in
943 2639 117 28 cases
1083 2623 43 42 of
1147 2623 89 42 this
1259 2621 389 43 fatigue-neurosis,
1670 2620 35 41 it
1725 2619 37 42 is
1784 2623 76 37 not
1890 2632 158 40 always

434 2716 101 28 easy
559 2705 43 37 to
632 2698 238 44 determine
903 2695 141 42 which
1077 2697 97 53 part
1205 2694 46 40 of
1281 2693 73 41 the
1389 2696 109 37 tract
1534 2692 64 41 for
1634 2689 172 56 writing
1836 2689 75 41 has
1942 2688 106 41 been

433 2771 207 57 specially
664 2766 225 46 enfeebled
911 2767 57 41 by
991 2765 73 42 the
1087 2764 161 55 fatigue
1267 2778 9 37 ;
1307 2762 84 42 and
1415 2761 93 42 that
1529 2761 46 41 in
1597 2774 115 28 some
1735 2772 116 29 cases
1873 2758 117 42 there
2011 2757 37 41 is

433 2842 165 59 ground
622 2841 66 41 for
711 2839 72 43 the
806 2837 134 43 belief
958 2840 96 38 that
1076 2835 35 41 it
1132 2835 36 41 is
1190 2833 74 42 the
1287 2831 174 43 cortical
1483 2830 103 43 cells
1608 2830 44 42 of
1672 2829 74 42 the
1768 2829 92 41 iirst
1882 2827 166 55 trophic

433 2914 135 43 realm
592 2912 96 42 that
709 2924 71 28 are
803 2906 235 46 enfeebled,
1062 2906 43 40 in
1129 2904 142 42 others
1303 2903 74 41 the
1409 2901 138 56 spinal
1582 2900 102 43 cells
1717 2900 45 41 of
1792 2898 70 42 the
1894 2894 153 45 second

433 2983 169 57 trophic
636 2995 146 29 realm,
818 2979 46 41 in
899 2976 142 43 others
1078 2975 72 42 the
1184 2972 279 43 nerve-fibres
1500 2971 45 41 of
1579 2969 73 42 the
1689 2967 155 43 second
1881 2964 165 55 trophic

431 3070 146 30 realm,
599 3052 85 43 and
706 3051 45 41 in
775 3050 156 50 others,
948 3060 196 43 perhaps,
1169 3045 71 41 the
1264 3057 216 28 muscular
1503 3040 126 42 fibres
1653 3037 265 45 themselves.
