1933 3302
1624 166 76 38 109

607 168 231 33 Deutschland
862 170 47 29 im
933 168 139 40 Anfang
1098 167 94 33 1800.

107 284 42 37 In
181 284 71 35 den
282 282 145 38 Jahren
461 280 99 37 1799
569 300 42 4 —
621 278 100 37 1800
742 276 77 38 und
845 275 95 36 1801
966 274 52 37 im
1040 273 344 50 Militilrhospitale
1406 287 75 24 von
1504 271 195 39 Toulouse

106 336 208 38 angestellt
344 334 224 38 durchlebte
599 345 40 24 er
671 343 83 26 eine
793 341 170 25 schwere
1003 327 203 49 Epidemie
1239 328 65 36 des
1335 326 364 51 Hospitalbrandes.

107 389 113 38 Dann
264 390 101 36 1813
409 401 55 25 als
507 385 210 39 klinischer
760 382 203 40 Professor
1006 380 78 38 und
1129 380 185 50 Dirigent
1363 381 67 37 des
1474 380 226 50 Hospitales

107 442 54 39 St.
200 443 88 38 Eloi
327 443 39 36 in
404 439 247 40 Montpellier
691 439 145 36 musste
878 448 40 24 er
956 435 82 37 sein
1077 433 182 50 Hospital
1302 434 62 36 für
1403 435 60 36 die
1505 434 196 38 zahllosen

107 496 192 39 Schaaren
319 508 147 25 schwer
488 491 348 41 vernachlässigter
856 487 314 39 heimziehender
1191 486 184 39 Soldaten
1398 488 67 38 der
1500 488 202 50 besiegten

108 549 280 39 französischen
417 548 170 38 Armeen
609 545 196 39 dienstbar
825 542 172 38 machen.
1062 540 103 47 „Der
1187 554 40 24 so
1247 540 299 51 unglückselige
1567 542 133 38 Rück-

107 617 74 24 zug
209 604 38 36 in
277 602 202 50 Spanien,"
515 599 190 39 berichtet
734 595 218 41 Delpech
981 596 39 36 in
1050 595 67 37 der
1148 594 237 50 Einleitung,
1422 595 83 45 „die
1536 595 165 50 Kriegs-

106 670 96 24 züge
232 657 50 36 im
313 656 127 37 Süden
470 654 76 38 und
578 652 133 38 Osten,
751 652 59 37 die
851 650 224 38 furchtbare
1120 648 140 38 Flucht
1299 661 75 25 von
1415 647 185 47 Moskau,
1640 650 60 37 die

107 709 281 39 mörderischen
419 707 227 39 Schlachten
677 707 38 36 in
745 705 170 38 Sachsen
946 703 74 37 und
1052 701 200 39 Schlesien
1281 702 59 37 bis
1371 715 47 24 zu
1450 702 73 37 den
1545 702 157 38 Thoren

107 764 66 38 der
215 762 237 39 Hauptstadt
493 761 216 37 bewirkten
753 760 72 37 den
868 757 205 38 Rückfluss
1130 769 75 25 von
1249 755 107 39 einer
1398 756 305 38 unglaublichen

107 817 94 38 Zahl
230 830 73 24 von
333 815 185 37 Kranken
549 815 76 37 und
657 812 288 40 Verwundeten
974 811 59 37 bis
1064 823 86 24 zum
1180 808 131 39 Süden
1340 822 77 25 von
1446 809 255 47 Frankreich,

108 870 204 38 besonders
342 882 92 24 aber
463 868 98 38 nach
590 867 260 39 Montpellier.
909 865 73 37 Die
1013 864 187 37 Kranken
1222 864 143 37 kamen
1387 877 46 23 zu
1455 863 159 37 4—.500
1637 864 70 37 auf

107 923 139 38 einmal
275 937 68 23 an,
373 923 78 37 und
479 922 77 38 fast
584 922 136 37 keiner
751 921 67 37 der
846 918 289 39 Verwundeten
1165 931 81 24 war
1274 917 74 37 frei
1379 930 89 25 vom
1499 916 203 39 Hospital-

106 977 119 37 brand
237 991 7 31 ;
270 976 161 38 manche
452 976 92 38 aber
567 989 127 24 waren
715 973 88 39 sehr
824 972 147 38 schwer
995 972 120 37 daran
1139 971 223 41 erkrankt."
1399 970 113 38 Auch
1536 971 37 37 in
1592 970 111 39 Paris

107 1034 76 34 trat
219 1031 53 37 im
304 1030 153 37 Winter
489 1029 102 38 1814
630 1029 67 37 der
733 1026 306 39 Hospitalbrand
1076 1039 114 24 unter
1230 1026 72 37 den
1339 1025 291 38 Verwundeten
1665 1025 39 37 in

109 1097 277 25 verheerender
430 1083 131 37 Weise
599 1082 82 38 auf,
725 1081 208 38 besonders
971 1080 49 37 im
1054 1079 116 38 Hotel
1208 1079 101 38 Dieu
1344 1079 78 38 und
1457 1079 54 37 im
1541 1078 162 50 Höpital

106 1136 54 40 St.
192 1137 129 38 Louis,
353 1150 58 24 wo
443 1137 101 37 1900
574 1135 261 39 Verwundete
865 1147 223 24 zusammen
1108 1138 196 46 gedrängt
1322 1133 129 51 lagen,
1482 1146 74 25 von
1580 1133 123 37 denen

107 1193 99 36 etwa
235 1192 75 37 500
341 1205 60 23 am
432 1189 304 51 Hospitalbrand
765 1188 209 50 gestorben
1004 1188 82 37 sein
1116 1188 132 37 sollen.

232 1245 44 37 In
306 1244 262 38 Deutschland
599 1243 115 37 allein
748 1243 50 37 ist
836 1256 46 24 zu
921 1242 125 37 dieser
1085 1241 85 38 Zeit
1205 1242 89 37 sehr
1331 1241 128 38 wenig
1497 1241 60 37 die
1596 1240 107 38 Rede

107 1312 87 24 vom
214 1298 315 38 Hospitalbrand.
560 1297 32 38 B
607 1310 19 25 e
640 1310 26 37 g
680 1297 11 37 i
704 1311 25 23 n
750 1295 72 39 soll
843 1296 102 37 1813
966 1296 40 37 in
1019 1295 180 39 Dresden
1215 1294 401 39 Hospitalbrandfälle
1632 1295 70 37 be-

107 1351 181 38 obachtet
302 1352 126 37 haben
446 1349 287 51 (Legouest);
753 1349 175 39 Gerson
944 1350 121 37 meint
1096 1350 82 45 „die
1196 1349 221 38 Krankheit
1431 1349 100 38 habe
1545 1349 97 37 auch
1664 1349 38 37 in

109 1405 261 38 Deutschland
390 1405 180 38 manches
594 1404 122 50 Opfer
746 1404 211 50 gefordert,
990 1403 96 38 doch
1107 1404 55 37 sei
1183 1404 55 37 sie
1259 1404 63 37 bei
1343 1404 67 37 der
1432 1403 270 37 unbedeuten-

107 1460 73 36 den
200 1459 212 38 Kenntniss
434 1460 66 37 der
523 1459 209 37 deutschen
752 1457 147 38 Militär
903 1457 208 38 Chirurgen
1140 1457 107 38 nicht
1268 1459 200 36 erkannt."
1530 1457 55 37 Er
1606 1470 97 24 wird

110 1514 202 36 widerlegt
341 1512 120 38 durch
496 1513 59 37 die
590 1512 193 49 positiven
819 1512 193 49 Angaben
1050 1512 65 36 des
1152 1511 273 50 preussischen
1465 1510 237 39 Oberstabs-

107 1569 123 34 arztes
265 1566 102 37 Prof.
403 1566 110 37 Kies
523 1579 62 25 er:
649 1565 231 47 „Trotzdem
918 1565 60 37 die
1018 1565 288 38 mörderischen
1344 1564 232 39 Schlachten
1614 1578 86 24 vom

110 1620 179 37 1.5.—18.
332 1619 93 38 Juni
464 1621 100 36 1815
606 1632 233 38 wenigstens
879 1619 142 37 15,000
1061 1618 261 38 Verwundete
1359 1619 40 37 in
1437 1619 68 37 der
1543 1618 159 51 Königl.

107 1672 151 38 Preuss.
299 1673 141 37 Armee
479 1674 182 49 ergaben,
697 1673 190 37 trotzdem
928 1686 67 24 aus
1039 1671 259 39 Geldmangel
1332 1686 72 24 nur
1443 1673 152 37 wenige
1636 1673 67 37 der

107 1726 183 38 nöthigen
319 1726 214 38 Lazarethe
562 1741 65 23 um
658 1727 102 37 diese
790 1726 86 38 Zeit
903 1726 64 37 bei
997 1727 67 36 der
1099 1726 143 38 Armee
1285 1726 119 38 mobil
1442 1740 151 24 waren,
1631 1727 70 36 ob-

108 1780 125 50 gleich
263 1780 59 38 die
354 1779 230 39 Schlachten
612 1781 78 37 fast
720 1780 72 38 alle
823 1779 232 51 Besorgung
1077 1780 67 37 der
1166 1780 291 38 Verwundeten
1478 1780 226 50 unmöglich

108 1833 176 38 machten
493 1834 179 50 obgleich
702 1833 152 38 endlich
884 1834 60 37 die
975 1834 163 37 meisten
1168 1835 40 36 in
1238 1834 164 38 Belgien
1441 1834 262 38 befindlichen

109 1886 155 39 Königl.
293 1887 153 38 Preuss.
476 1887 343 38 Militärlazarethe
851 1901 132 24 enorm
1012 1888 181 50 überlegt
1222 1902 142 24 waren,
1394 1888 68 38 hat
1495 1888 82 38 sich
1607 1889 97 36 den-

110 1940 95 37 noch
234 1941 39 36 in
301 1941 154 37 keinem
486 1942 201 37 derselben
716 1941 305 49 Hospitalbrand
1051 1944 190 48 gezeigt."

236 1994 79 37 Das
344 2008 78 23 was
450 1994 151 38 Busch
630 1995 98 37 nach
757 1996 73 36 den
850 1995 299 50 Belagerungen
1171 2009 75 24 von
1268 1995 231 39 Thionville,
1531 1996 172 38 Luxem-

109 2047 110 50 burg,
250 2047 117 46 Metz,
398 2047 194 39 Saarlouis
622 2049 76 37 und
740 2048 99 38 nach
879 2049 67 36 der
989 2047 182 39 Schlacht
1209 2049 64 38 bei
1311 2049 312 38 Belle-AUiance
1665 2050 39 37 in

110 2100 162 38 Vauban
299 2102 77 36 und
397 2100 126 39 Sedan
552 2102 254 37 beobachtete
836 2103 76 36 und
940 2102 56 37 als
1019 2102 307 50 Hospitalbrand
1346 2103 232 48 beschreibt,
1609 2117 93 33 war,

111 2154 70 37 wie
211 2155 99 36 oben
339 2155 202 46 berichtet,
573 2169 86 24 zum
691 2155 113 38 Theil
833 2156 276 37 ischämischer
1138 2157 142 37 Brand.

238 2207 80 37 Der
348 2207 178 38 Chefarzt
556 2210 65 36 des
651 2209 48 37 K.
726 2209 49 37 K.
806 2208 381 39 Oesterreichischen
1218 2211 34 37 3.
1284 2210 419 50 Feldjägerbataillons

111 2259 63 38 W.
206 2260 232 38 Werneck
465 2261 68 38 hat
561 2263 104 36 seine
695 2262 215 38 vielfachen
939 2262 276 51 Erfahrungen
1253 2264 97 37 über
1388 2265 73 37 den
1499 2264 203 50 Hospital-

111 2314 131 46 brand,
274 2314 144 37 welche
449 2328 40 23 er
520 2315 101 37 1807
652 2316 40 36 in
721 2315 150 46 Italien,
904 2316 102 37 1808
1036 2317 63 37 bei
1129 2316 222 47 Italienern,
1382 2317 221 39 Franzosen
1624 2319 78 37 und

112 2366 158 48 Russen,
294 2368 101 37 1809
410 2368 52 36 im
477 2368 235 50 Feldspitale
734 2383 47 23 zu
802 2369 236 49 Klagenfurt
1068 2371 78 37 und
1169 2371 257 38 Tanzenberg
1449 2373 38 36 in
1512 2372 190 46 Kärnten,

116 2420 98 37 1810
243 2421 52 37 im
326 2420 124 50 Spital
479 2435 46 23 zu
554 2421 129 38 Füred
711 2422 40 37 in
781 2422 177 51 Ungarn,
992 2423 101 37 1812
1122 2424 53 37 im
1205 2424 147 50 Spitale
1383 2439 45 24 zu
1460 2426 172 37 Krakau,
1663 2426 40 37 in

117 2473 114 37 Polen
273 2488 44 23 zu
347 2474 263 49 Niepolemice
639 2476 79 37 und
746 2476 97 37 nach
874 2477 66 37 der
970 2475 182 40 Schlacht
1181 2478 62 37 bei
1274 2478 162 50 Leipzig
1463 2479 53 38 im
1552 2480 151 37 kaiser-

113 2525 125 38 lichen
266 2527 272 50 Hauptspitale
569 2543 46 23 zu
644 2528 232 39 Schwietlau
905 2530 77 37 und
1014 2530 182 39 Oknolitz
1226 2533 39 37 in
1294 2532 177 38 Böhmen
1499 2534 78 36 und
1601 2533 102 38 1814

114 2592 45 24 zu
182 2579 321 39 Obermarchthal
530 2582 39 36 in
591 2581 213 39 Schwaben
833 2584 230 48 gesammelt
1092 2585 78 47 hat,
1202 2586 38 37 in
1271 2586 105 38 einer
1405 2587 296 46 interessanten,

116 2631 149 39 kleinen
297 2633 143 38 Schrift
471 2635 101 37 1820
602 2637 280 42 niedergelegt.

242 2686 80 37 Seit
351 2687 123 38 dieser
504 2688 85 38 Zeit
617 2689 119 38 sehen
765 2690 69 36 wir
863 2704 78 23 nun
983 2691 73 37 den
1096 2692 306 38 Hospitalbrand
1438 2693 78 37 fast
1553 2693 151 37 überall

115 2739 96 36 auch
239 2739 40 37 in
308 2740 72 36 den
409 2740 283 51 Civilspitälern
723 2743 287 50 eingebürgert,
1041 2745 40 37 in
1111 2746 122 37 denen
1264 2759 41 25 er
1335 2747 38 36 in
1401 2746 188 50 längeren
1611 2747 92 37 oder

115 2792 188 37 kürzeren
314 2792 358 41 Zwischenräumen
687 2796 87 37 bald
791 2798 233 48 sporadisch,
1039 2798 88 38 bald
1142 2799 38 37 in
1194 2799 200 37 kleineren
1408 2800 75 37 und
1498 2804 206 46 grösseren

115 2844 228 50 Epidemien
373 2850 153 34 auftrat.

242 2897 43 38 In
308 2899 66 37 der
395 2898 151 40 Charite
566 2902 38 36 in
625 2902 130 38 Berlin
777 2916 79 24 war
877 2904 67 37 der
964 2905 303 49 Hospitalbrand
1290 2905 109 38 mehr
1419 2906 91 37 oder
1531 2907 172 38 weniger

117 2951 160 50 stetiger
308 2951 105 38 Gast.
471 2952 263 41 Stromeyer
764 2955 68 38 sah
863 2957 210 39 denselben
1094 2959 87 37 dort
1202 2972 55 24 als
1279 2958 166 38 Student
1469 2960 114 37 1824.
1615 2960 87 38 Von
