1817 3171
328 317 86 40 168

811 328 90 30 THE
926 328 267 33 ARAGUATO.

325 453 108 45 dent
457 452 50 47 of
527 460 77 39 the
627 454 97 54 tail,
761 455 89 45 and
880 455 37 45 is
947 455 193 62 entirely
1163 455 184 46 covered
1371 455 113 45 with
1508 470 26 30 a
1557 456 125 45 thick

322 530 178 45 reddish
546 530 82 46 fur.
723 532 45 45 It
807 531 37 46 is
889 532 327 45 distinguished
1260 531 113 46 from
1416 533 78 45 the
1540 532 142 46 Mono

322 606 197 46 Colorado
542 609 62 60 by
632 609 78 45 the
743 609 151 45 longer
926 609 99 45 hair
1057 625 119 29 upon
1209 609 79 44 the
1322 610 134 59 body,
1491 609 78 45 the
1596 610 87 44 less

322 684 149 60 bushy
501 686 150 52 beard,
687 685 90 45 and
810 687 62 59 by
901 692 79 38 the
1011 701 143 30 under
1185 691 123 55 parts
1342 686 132 60 being
1508 700 176 30 clothed

323 759 114 46 with
459 761 99 44 hair
580 760 49 46 of
643 768 79 39 the
745 777 122 29 same
891 778 144 29 colour
1057 762 113 45 with
1187 768 78 39 the
1283 769 127 38 other
1431 777 138 45 parts,
1595 761 90 45 and

322 842 78 39 not
419 836 50 46 of
483 837 77 45 the
578 838 225 45 brownish
826 839 129 44 black
979 839 148 44 which
1149 845 79 38 the
1250 838 148 45 naked
1422 839 101 44 skin
1542 836 50 47 of
1606 838 79 44 the

323 913 97 45 Red
445 914 185 44 Howler
652 914 209 45 exhibits.
935 914 130 60 They
1089 913 128 46 differ
1246 914 90 45 also
1366 913 47 45 in
1435 914 118 45 their
1573 920 108 55 gait,

322 989 89 44 and
434 989 45 44 in
504 995 78 38 the
606 990 142 44 sound
771 989 50 46 of
835 990 118 45 their
975 990 133 45 voice.

389 1065 97 45 The
516 1064 123 55 fruit,
666 1065 149 45 which
850 1065 37 45 it
925 1066 37 45 is
1001 1066 283 45 represented
1320 1065 164 62 eating,
1521 1065 37 46 is
1581 1065 101 46 that

323 1140 50 45 of
386 1141 78 45 the
488 1141 122 45 Inga
632 1157 121 39 vera,
779 1142 272 46 Wildenow.

389 1217 207 46 Another
628 1218 197 61 singular
858 1234 163 29 species
1052 1233 94 30 was
1170 1218 253 45 discovered
1444 1219 63 59 by
1531 1218 153 45 Hum-

324 1294 269 45 boldt—the
609 1295 195 60 Mycetes
809 1296 286 59 flavicaiida,
1116 1295 90 44 and
1222 1294 37 45 is
1278 1294 225 46 described
1519 1295 62 59 by
1589 1293 95 45 him

326 1371 144 44 under
491 1377 78 38 the
591 1387 134 29 name
749 1370 50 46 of
861 1371 69 46 Le
953 1372 123 44 choro
1099 1372 53 43 de
1173 1370 39 45 lo
1226 1385 222 46 provence
1465 1385 30 29 a
1518 1369 166 48 Jaen”

326 1446 46 44 It
396 1446 197 46 inhabits
616 1448 78 44 the
717 1449 142 44 banks
878 1447 49 46 of
941 1454 79 39 the
1037 1447 117 45 river
1168 1447 221 54 Amazon,
1414 1446 48 45 in
1485 1452 77 39 the
1585 1460 100 46 pro-

322 1537 152 31 vinces
508 1523 52 45 of
583 1524 117 44 Jaen
723 1524 90 45 and
836 1525 210 44 Maynas.
1117 1525 97 43 The
1237 1538 146 30 colour
1404 1522 37 45 is
1465 1538 27 29 a
1514 1523 168 51 brown,

326 1599 188 61 shading
536 1606 46 38 to
605 1601 145 53 black,
779 1601 90 44 and
893 1601 165 44 dullest
1082 1615 56 30 on
1161 1600 77 44 the
1262 1600 136 44 lower
1420 1604 151 55 parts;
1607 1596 78 46 the

326 1673 94 46 face
443 1675 414 60 yellowish-brown
875 1693 15 36 ;
918 1683 79 38 the
1019 1676 98 54 tail,
1135 1676 169 44 shorter
1320 1681 112 38 than
1446 1675 79 44 the
1548 1674 133 53 body,

323 1751 38 44 is
384 1757 78 39 the
484 1758 118 39 most
625 1752 325 45 characteristic
972 1767 144 38 mark,
1137 1751 89 44 and
1249 1751 36 44 is
1308 1751 372 59 greenish-black,

324 1828 195 44 adorned
552 1843 119 45 upon
704 1834 79 38 the
816 1827 115 46 sides
965 1827 114 45 with
1112 1833 91 39 two
1237 1825 235 62 yellowish
1506 1825 173 53 stripes,

323 1919 58 29 an
400 1905 258 44 anomalous
677 1904 286 45 distribution
986 1903 49 46 of
1050 1904 146 44 colour
1219 1918 159 45 among
1399 1901 91 46 this
1508 1901 172 61 family.

326 1981 97 44 The
446 1980 98 45 hair
566 1980 37 45 is
627 1996 109 45 very
758 1981 117 60 long,
901 1979 86 47 soft
1017 1981 90 44 and
1137 1979 193 60 shining,
1362 1978 90 46 and
1479 1985 78 38 the
1583 1977 100 45 skin

322 2055 135 46 forms
491 2072 58 29 an
580 2058 142 44 object
753 2056 50 46 of
828 2072 242 30 commerce
1103 2071 163 45 among
1297 2062 78 38 the
1407 2054 205 53 natives;
1648 2053 36 46 it

323 2132 38 45 is
377 2148 90 30 also
483 2133 109 45 used
609 2134 62 60 by
691 2140 124 38 them
835 2140 45 38 to
902 2148 127 30 cover
1052 2139 132 46 seats,
1210 2132 89 44 and
1321 2130 64 45 for
1406 2137 78 39 the
1508 2130 176 45 saddle-

324 2209 140 45 cloths
495 2209 50 45 of
565 2216 78 38 the
670 2225 145 30 mules
846 2226 55 29 on
936 2209 148 45 which
1117 2215 78 39 the
1230 2207 236 61 periodical
1489 2207 194 61 joiu'ney

323 2291 46 39 to
392 2285 78 45 the
493 2285 263 46 Cordilleras
779 2285 38 46 is
839 2286 145 45 made.

391 2363 97 43 The
523 2368 126 39 other
681 2362 191 45 animals
902 2362 148 45 which
1073 2360 240 47 constitute
1335 2361 91 44 this
1449 2375 136 45 group
1609 2373 74 31 are

327 2454 107 45 only
468 2454 135 29 seven
636 2438 47 45 in
716 2440 204 52 number,
957 2439 89 44 and
1068 2438 176 44 inhabit
1266 2444 78 38 the
1368 2442 190 38 western
1581 2449 102 46 pro-

325 2530 163 38 vinces,
526 2530 148 30 where
708 2516 262 44 abundance
1004 2515 49 45 of
1083 2514 127 45 wood
1243 2513 37 45 is
1319 2511 259 60 essentially
1601 2526 81 29 ne-

326 2605 174 46 cessary
524 2590 64 46 for
609 2591 139 45 them.
818 2592 131 59 They
967 2607 72 29 are
1062 2590 262 62 gregarious,
1349 2588 89 45 and
1454 2587 228 61 generally
