2113 3404
349 244 81 40 192

847 261 86 30 THE
966 262 239 33 D1S0KDEUS
1237 265 53 30 OF
1321 266 174 31 SPEECH.

344 383 77 57 ing
442 387 140 43 words
604 389 82 43 and
711 389 176 57 reading
908 391 140 56 them)
1065 393 155 55 belong
1241 398 43 38 to
1306 394 73 42 the
1402 395 109 43 class
1533 397 47 41 of
1596 412 154 41 organs
1772 399 96 43 that
1888 415 70 28 are

347 469 177 43 sensory
546 459 47 42 in
616 460 209 52 function,
848 462 190 43 whereas
1060 463 73 42 the
1155 468 84 38 two
1272 465 250 54 productive
1544 473 166 37 centres
1742 470 152 42 belong
1915 476 44 36 to

347 525 74 43 the
445 526 108 44 class
577 528 94 43 that
693 530 47 41 in
763 531 196 42 function
981 546 71 28 are
1075 537 144 38 motor.
1283 534 80 42 Let
1385 549 50 28 us
1457 536 116 46 then,
1597 537 233 45 besiiinim'
1854 539 103 41 with

346 596 75 42 the
442 601 86 38 two
551 605 167 37 centres
737 601 65 42 for
823 603 164 54 spoken
1005 603 222 55 language,
1244 605 99 42 take
1365 605 102 42 each
1486 607 43 41 of
1551 607 73 42 the
1642 608 96 41 four
1758 614 203 45 seriatim,

347 668 86 41 and
456 682 70 29 see
547 669 37 42 if
602 683 64 29 we
688 684 80 28 can
790 673 152 54 gather
963 673 132 42 about
1115 674 103 42 each
1242 688 117 29 some
1380 676 45 41 of
1455 676 73 43 the
1550 677 116 43 chief
1693 678 269 55 phenomena

346 739 98 41 that
464 753 84 37 are,
568 740 47 41 in
646 741 151 42 insane
819 743 202 55 subjects,
1043 744 226 55 displayed
1290 746 44 40 in
1364 746 57 42 its
1443 747 240 43 functional
1705 749 255 41 operations.

348 807 54 42 In
426 809 178 55 making
625 809 87 42 this
734 815 185 51 attempt
942 812 22 41 I
986 812 111 42 shall
1119 814 113 40 avail
1255 814 158 55 myself
1440 815 161 56 largely
1623 818 47 40 of
1688 818 73 41 the
1787 818 174 54 copious

347 877 278 43 information
665 880 187 43 detailed
893 882 47 40 in
978 882 72 42 the
1087 896 103 42 very
1229 884 197 43 valuable
1469 886 115 41 work
1621 887 43 41 of
1705 887 60 42 M.
1806 887 157 51 Seglas,

347 948 197 55 recently
567 949 261 54 published.1

406 1083 185 42 Verbal
622 1085 412 43 Hallucinations.

408 1186 35 41 1.
481 1186 82 41 The
610 1186 346 56 Word-Hearing
995 1188 389 43 Centre.—Among
1419 1189 59 42 all
1515 1190 72 42 the
1622 1196 118 50 gates
1781 1194 184 41 through

347 1254 141 42 which
511 1255 278 55 impressions
821 1270 100 41 may
943 1257 52 41 be
1016 1257 125 42 made
1163 1272 115 41 upon
1303 1258 72 42 the
1397 1259 120 41 mind
1540 1260 109 41 from
1677 1261 193 52 without,
1892 1263 73 41 the

347 1325 203 56 Ear-gate
572 1327 37 40 is
631 1326 209 55 probably
863 1327 184 42 entitled
1079 1333 43 36 to
1145 1328 73 42 the
1242 1329 92 41 first
1357 1329 119 54 place
1498 1329 45 41 in
1565 1331 124 53 point
1715 1331 46 41 of
1787 1332 176 41 import-

348 1410 115 28 ance.
525 1397 202 55 Through
758 1397 35 42 it
826 1398 138 41 words
996 1399 93 41 first
1120 1399 127 41 reach
1280 1399 73 42 the
1385 1399 132 51 mind,
1549 1400 96 51 and,
1679 1401 102 41 with
1816 1401 151 49 words,

348 1467 255 55 knowledge
621 1467 84 41 and
723 1467 72 42 the
815 1468 245 55 possibility
1078 1469 46 41 of
1142 1468 273 43 intellectual
1437 1469 310 55 development.
1809 1471 158 41 Words

349 1539 96 41 that
466 1552 70 28 are
568 1538 144 42 heard,
734 1539 37 41 it
801 1539 36 42 is
869 1553 96 27 now
987 1539 172 51 known,
1187 1540 180 53 imprint
1398 1540 226 41 memories
1655 1555 47 26 or
1732 1541 160 54 images
1924 1542 47 39 of

348 1607 262 42 themselves
642 1608 46 40 in
719 1622 25 26 a
776 1609 163 41 certain
970 1614 96 49 part
1098 1609 46 40 of
1177 1609 73 41 the
1282 1609 256 42 brain—the
1570 1614 142 36 centre
1734 1609 64 41 for
1829 1611 136 40 word-

348 1679 189 41 hearing.
600 1679 137 41 These
770 1678 161 42 images
964 1693 78 27 can
1074 1679 52 41 be
1162 1679 174 41 revived
1368 1679 46 41 in
1440 1679 73 42 the
1545 1680 132 50 mind,
1699 1680 57 55 by
1778 1681 124 40 effort
1923 1680 47 41 of

349 1749 215 42 attention
597 1749 84 41 and
715 1748 98 42 will.
877 1749 44 41 It
952 1763 136 27 seems
1124 1749 203 54 probable
1358 1749 106 41 that,
1496 1749 45 40 in
1574 1749 72 42 the
1678 1763 214 41 processes
1923 1750 44 41 of

350 1819 188 41 internal
570 1818 197 55 thought,
798 1832 64 27 we
895 1832 102 28 owe,
1034 1818 47 41 in
1111 1823 95 50 part
1239 1823 45 36 at
1314 1818 119 42 least,
1465 1832 78 28 our
1573 1819 177 41 distinct
1779 1819 188 42 internal

350 1890 250 55 perception
632 1890 48 40 of
707 1889 74 41 the
803 1889 138 41 words
979 1903 63 27 we
1076 1903 69 27 are
1167 1889 127 41 using
1315 1894 44 36 to
1390 1889 88 41 this
1511 1889 187 41 internal
1729 1889 164 41 revival
1924 1891 47 39 of

352 1960 115 41 their
503 1959 331 42 sound-images.
898 1960 53 40 In
989 1958 73 42 the
1095 1972 102 28 sane
1229 1959 84 41 and
1346 1959 187 41 wakeful
1565 1959 218 42 condition
1815 1960 43 41 of
1893 1960 73 41 the

350 2030 134 50 mind,
507 2044 63 28 we
588 2030 109 42 have
720 2044 54 27 no
792 2029 214 42 difficulty
1024 2028 46 43 in
1093 2029 338 42 distinguishing
1448 2030 190 41 between
1661 2044 24 27 a
1703 2030 113 41 word
1838 2030 128 41 heard

352 2101 109 41 from
485 2100 185 42 without
689 2100 84 42 and
796 2100 74 41 the
898 2114 116 27 same
1038 2099 116 41 word
1176 2099 175 41 revived
1370 2100 107 40 from
1495 2099 164 41 within.
1723 2100 51 40 In
1799 2100 167 41 dreams

351 2171 37 41 it
409 2171 37 41 is
469 2170 224 42 different:
731 2184 77 27 our
839 2169 166 42 critical
1035 2169 199 42 faculties
1267 2169 128 41 being
1417 2169 104 41 then
1553 2169 153 55 asleep,
1729 2184 60 27 we
1822 2169 145 42 dream

352 2242 97 41 that
471 2241 123 42 other
617 2240 151 55 people
796 2254 68 28 are
888 2240 166 41 talking
1078 2244 43 37 to
1143 2253 62 36 us,
1224 2239 125 42 when
1372 2253 64 27 we
1458 2239 227 50 ourselves,
1704 2239 55 54 by
1781 2239 186 41 internal

351 2312 165 41 revival
538 2312 45 41 of
620 2311 310 52 word-images,
952 2324 70 26 are
1044 2310 43 40 in
1111 2310 154 53 reality
1289 2309 177 41 making
1487 2309 58 41 all
1567 2309 73 42 the
1660 2309 306 42 conversation.

352 2383 136 40 There
515 2395 138 28 seems
685 2386 44 36 to
755 2381 51 41 be
838 2380 114 41 little
984 2379 135 41 doubt
1148 2379 106 51 that,
1277 2392 45 28 as
1354 2379 45 40 in
1431 2379 232 54 dreaming,
1684 2392 45 28 so
1761 2380 45 39 in
1838 2392 129 41 many

354 2454 132 40 forms
518 2453 46 41 of
591 2452 206 53 insanity,
824 2449 229 42 inactivity
1086 2449 43 40 of
1160 2449 73 41 the
1266 2448 165 41 critical
1462 2448 197 42 faculties
1690 2448 172 42 renders
1893 2448 74 42 the

354 2521 121 42 mind
517 2535 55 28 an
624 2534 101 41 easy
767 2533 103 41 prey
914 2526 43 34 to
999 2518 199 41 auditory
1239 2516 345 42 hallucinations.
1666 2517 87 41 Yet
1794 2517 86 42 this
1931 2518 37 41 is

354 2588 222 43 evidently
615 2593 76 35 not
727 2587 73 41 the
838 2585 137 42 whole
1012 2584 277 43 explanation
1326 2584 45 42 of
1406 2584 74 41 the
1517 2588 165 38 matter.
1747 2585 43 40 It
1826 2586 141 40 would

353 2676 160 40 appear
541 2665 107 36 that,
669 2658 46 42 in
747 2671 117 29 some
891 2670 129 28 cases,
1042 2655 46 43 in
1111 2655 140 42 which
1274 2655 73 42 the
1370 2655 166 54 patient
1566 2655 37 41 is
1634 2654 159 51 awake,
1815 2655 83 40 and
1921 2655 43 39 in

352 2732 60 42 all
455 2743 190 30 respects
692 2727 249 43 considered
988 2740 113 28 sane,
1141 2725 137 42 words
1324 2739 70 27 are
1439 2724 235 55 internally
1710 2724 86 42 and
1841 2738 126 41 spon-

354 2798 227 55 taneously
613 2810 190 29 revived,
824 2795 84 41 and
941 2798 110 38 start
1081 2793 93 41 into
1206 2793 105 41 such
1334 2795 248 52 prominent
1613 2791 277 42 distinctness
1921 2804 45 28 as

353 2878 44 36 to
419 2875 21 17 "
455 2882 249 31 exteriorize
719 2865 19 17 "
761 2865 271 42 themselves,
1060 2863 84 42 and
1176 2876 46 29 so
1254 2863 52 42 be
1338 2861 133 44 easily
1493 2866 213 37 mistaken
1739 2860 64 42 for
1834 2859 135 42 words

352 2943 97 41 that
470 2954 71 29 are
564 2938 132 42 heard
714 2938 109 40 from
847 2941 193 35 without.
1104 2933 194 42 Socrates
1321 2946 85 28 was
1428 2930 270 43 accustomed
1721 2929 57 42 all
1806 2929 66 42 his
1894 2929 75 41 life

598 3059 12 23 1
638 3057 138 48 Seglas,
796 3056 65 36 Les
884 3054 160 37 Troubles
1063 3054 48 36 du
1129 3053 166 47 Langagc
1313 3064 75 24 chez
1407 3051 44 36 les
1468 3050 155 46 Alie'ne's,
1644 3052 98 34 1892.
