2113 3404
903 264 87 32 THE
1021 266 243 36 DISORDERS
1296 272 52 30 OF
1379 272 173 36 SPEECH.

420 247 82 39 420

419 374 278 59 microscopic
729 383 294 43 examination
1055 387 47 41 of
1129 387 72 43 the
1233 390 209 44 sclerosed
1476 394 172 54 patches
1679 395 140 43 shows
1842 396 94 42 that
1958 396 72 41 the

419 445 333 58 axis-cylinders
789 453 46 40 of
865 453 71 43 the
974 469 129 30 nerve
1140 459 125 43 fibres
1301 474 71 30 are
1409 463 117 42 often
1556 464 141 56 partly
1726 466 225 54 preserved
1987 467 44 41 in

421 515 74 43 the
537 518 135 43 midst
712 522 44 40 of
797 523 73 42 the
912 539 246 42 overgrown
1201 532 250 42 connective
1494 533 145 43 tissue,
1675 535 35 41 it
1745 536 36 41 is
1822 536 212 55 supposed

424 586 96 42 that
551 588 74 44 the
657 590 162 45 disease
850 595 223 54 primarily
1096 600 181 42 consists
1309 601 43 41 in
1386 615 54 28 an
1472 605 263 53 overgrowth
1768 607 44 40 of
1843 606 72 42 the
1936 619 98 29 con-

425 659 170 42 nective
637 661 146 52 tissue,
823 664 86 42 and
950 666 96 42 that
1089 668 71 42 the
1202 670 181 55 atrophy
1420 672 44 41 of
1504 673 74 41 the
1614 687 127 29 nerve
1780 675 124 42 fibres
1941 676 35 40 is
2012 689 23 27 a

425 730 237 56 secondary
684 746 294 43 consequence
1001 737 44 40 of
1066 737 72 43 the
1161 752 196 41 pressure
1379 746 80 49 put
1480 756 114 41 upon
1617 743 127 42 them.

485 798 55 44 In
572 801 74 42 the
678 804 152 53 speech
864 805 44 41 of
941 804 203 57 Multiple
1177 808 215 52 Sclerosis,
1413 811 73 42 the
1518 817 112 37 most
1654 813 187 56 striking
1871 814 166 42 charac-

426 869 164 43 teristic
623 871 35 41 is
690 873 74 41 the
797 873 277 43 well-known
1098 876 105 42 slow
1224 878 85 41 and
1330 878 215 43 laborious
1569 885 229 39 utterance,
1821 883 44 41 in
1890 883 151 50 which,

429 938 104 44 with
575 941 177 42 evident
793 942 134 51 effort,
958 945 104 41 each
1104 946 182 54 syllable
1328 948 35 41 is
1400 949 256 43 enunciated
1688 952 237 42 separately
1956 953 84 41 and

426 1010 293 57 deliberately.
782 1013 103 42 This
917 1014 37 42 is
987 1014 71 42 the
1091 1020 205 38 "staccato
1324 1018 190 54 speech"
1535 1020 44 41 of
1609 1021 197 55 multiple
1838 1022 202 42 sclerosis.

430 1080 256 44 Sometimes
707 1083 37 41 it
763 1083 37 42 is
823 1084 166 42 termed
1011 1087 244 55 "scanning
1276 1088 189 54 speech,"
1489 1089 178 44 because
1688 1091 73 42 the
1783 1092 124 41 effect
1937 1092 44 40 of
2010 1092 35 40 it

430 1165 55 27 on
527 1151 74 41 the
643 1166 71 27 ear
755 1153 44 40 of
830 1153 75 42 the
947 1154 178 42 listener
1165 1156 37 42 is
1234 1162 76 36 not
1342 1157 147 43 unlike
1532 1159 94 41 that
1665 1160 215 55 produced
1922 1161 120 41 when

430 1235 200 28 someone
668 1222 36 42 is
742 1222 133 42 heard
909 1225 209 55 scanning
1154 1226 281 56 deliberately
1471 1242 25 27 a
1533 1228 87 43 line
1652 1230 46 41 of
1727 1230 123 41 Latin
1886 1236 156 49 poetry.

430 1291 145 43 When
619 1292 73 43 the
732 1299 174 36 staccato
947 1294 219 43 character
1206 1296 36 42 is
1284 1298 236 55 extremely
1564 1299 96 41 well
1703 1300 187 42 marked,
1931 1314 115 28 some

432 1362 243 43 individual
694 1364 205 55 syllables
917 1379 110 42 may,
1043 1379 97 29 now
1162 1366 83 42 and
1264 1367 137 55 again,
1419 1368 51 42 be
1492 1368 99 42 shot
1611 1373 77 38 out
1709 1369 104 44 with
1829 1371 216 41 explosive

431 1433 205 43 violence.

489 1504 90 42 The
611 1504 103 42 slow
736 1509 173 37 staccato
940 1510 223 38 utterance
1194 1507 44 41 of
1269 1506 200 56 multiple
1491 1509 194 41 sclerosis
1718 1507 35 45 is
1785 1510 194 42 believed
2001 1515 43 37 to

433 1575 50 41 be
516 1575 83 42 due
632 1580 44 36 to
708 1575 74 42 the
813 1576 284 42 interference
1122 1576 103 41 with
1258 1577 257 42 conduction
1539 1578 45 41 in
1607 1579 72 41 the
1712 1585 136 36 motor
1870 1580 171 42 speech-

432 1649 132 38 tracts
599 1645 95 41 that
724 1645 37 42 is
792 1646 217 55 produced
1041 1647 56 54 by
1121 1646 73 42 the
1217 1648 285 53 compression
1525 1649 44 40 of
1600 1649 73 41 the
1695 1663 130 28 nerve
1849 1650 122 42 fibres
2003 1656 44 35 at

431 1716 146 55 points
600 1716 141 42 where
763 1716 105 55 they
889 1731 70 27 are
980 1717 176 56 passing
1177 1717 185 55 through
1384 1718 176 54 patches
1582 1719 47 41 of
1647 1720 202 42 sclerosis.

491 1785 145 55 Along
658 1786 107 41 with
791 1786 73 42 the
886 1791 173 37 staccato
1080 1792 234 36 utterance,
1336 1787 119 41 there
1477 1788 35 41 is
1543 1788 118 42 often
1684 1788 206 42 drawling
1911 1790 45 39 of
1975 1789 72 42 the

434 1856 215 55 syllables.
711 1855 64 43 As
807 1856 73 41 the
909 1856 164 42 disease
1095 1857 224 41 advances,
1340 1857 73 41 the
1441 1862 173 37 staccato
1645 1857 186 42 element
1852 1859 36 41 is
1910 1864 74 49 apt
2005 1863 43 37 to

434 1926 175 41 become
645 1925 85 42 less
766 1925 200 55 striking,
990 1926 87 40 and
1114 1926 72 42 the
1224 1926 208 41 drawling
1468 1926 85 41 and
1589 1927 188 55 slurring
1812 1941 116 27 more
1963 1928 84 40 and

437 2011 115 27 more
584 1996 189 42 marked,
807 1996 113 41 until
952 1996 156 42 speech
1139 1997 37 41 is
1208 2000 46 38 at
1283 1996 85 42 last
1398 1997 186 42 reduced
1616 2002 43 37 to
1689 2011 55 28 an
1777 1997 272 43 inarticulate

436 2067 144 42 drawl.
645 2068 22 40 I
699 2067 110 41 have
842 2067 45 41 in
920 2081 73 41 my
1021 2067 126 41 ward,
1169 2071 45 37 at
1246 2067 73 41 the
1351 2071 175 50 present
1556 2067 118 41 time,
1695 2080 25 28 a
1750 2071 167 50 patient
1946 2066 102 41 with

437 2138 201 55 multiple
671 2138 207 42 sclerosis,
902 2137 138 42 whom
1074 2138 22 41 I
1129 2137 108 42 have
1269 2137 85 41 had
1386 2137 136 42 under
1543 2137 269 42 observation
1836 2138 63 40 for
1921 2143 131 35 about

437 2208 120 56 eight
596 2222 134 41 years.
792 2207 63 41 At
892 2207 93 42 first
1022 2207 66 42 his
1126 2207 154 42 speech
1320 2221 83 27 was
1440 2206 223 43 markedly
1698 2206 47 42 of
1777 2206 73 42 the
1879 2220 172 28 staccato

437 2283 129 51 type;
597 2279 90 41 but,
710 2278 66 41 for
808 2277 73 42 the
913 2277 84 41 last
1030 2282 84 36 two
1145 2292 137 40 years,
1303 2277 35 41 it
1369 2277 76 41 has
1478 2277 171 41 become
1683 2291 113 27 more
1827 2276 84 41 and
1939 2290 113 28 more

439 2349 166 42 slurred
646 2348 86 42 and
774 2347 286 43 inarticulate.
1133 2347 157 42 When,
1329 2348 62 41 for
1421 2347 208 54 example,
1661 2347 53 41 he
1751 2361 93 26 now
1877 2346 100 41 tries
2011 2352 40 35 to

440 2434 76 28 say
552 2422 21 19 "
588 2419 109 55 good
732 2418 236 55 morning,"
1000 2418 73 41 the
1113 2418 135 41 words
1284 2432 70 27 are
1391 2418 213 54 produced
1636 2431 46 28 as
1716 2430 24 28 a
1774 2421 279 37 monotonous

441 2490 146 42 drawl,
610 2490 44 41 in
679 2488 142 42 which
844 2489 102 41 only
970 2493 135 36 traces
1129 2488 45 40 of
1202 2488 73 41 the
1297 2501 43 27 m
1362 2488 85 41 and
1470 2501 28 28 n
1519 2487 84 42 and
1635 2487 242 42 something
1907 2487 44 40 of
1982 2487 71 41 the

443 2558 136 43 vowel
616 2557 161 43 sounds
813 2571 73 28 are
917 2556 300 42 recognisable.
1279 2556 70 42 He
1383 2556 37 42 is
1454 2556 45 41 in
1535 2556 72 42 the
1639 2556 83 41 last
1755 2561 117 37 stage
1905 2557 47 40 of
1982 2555 72 42 the

443 2630 186 42 disease:
662 2627 154 55 totally
838 2627 230 55 paralyzed
1090 2627 44 40 in
1158 2627 72 41 the
1253 2626 100 55 legs,
1376 2626 84 41 and
1482 2626 156 41 almost
1661 2626 150 55 totally
1835 2639 45 28 so
1907 2626 44 40 in
1982 2625 71 41 the

443 2714 139 29 arms;
612 2698 85 42 and
728 2697 221 56 requiring
980 2701 44 37 to
1054 2697 53 41 be
1138 2696 70 42 fed
1242 2696 103 42 with
1381 2696 71 42 the
1474 2696 329 42 stomach-tube,
1829 2709 45 28 as
1896 2695 53 42 he
1981 2695 75 41 has

443 2771 85 42 lost
548 2770 74 42 the
645 2783 142 41 power
808 2767 44 42 of
873 2767 274 55 swallowing.

503 2840 179 44 Though
704 2843 173 38 staccato
899 2842 221 37 utterance
1138 2837 36 41 is
1196 2840 113 38 most
1327 2836 205 55 typically
1549 2836 219 42 exhibited
1793 2836 44 41 in
1861 2834 196 55 multiple

445 2925 209 31 sclerosis,
676 2911 33 41 it
735 2909 141 42 would
910 2909 51 41 be
984 2921 24 28 a
1041 2908 184 42 mistake
1258 2911 44 37 to
1335 2921 183 41 suppose
1554 2907 93 41 that
1669 2907 34 41 it
1723 2919 145 29 occurs
1890 2905 99 54 only
2013 2905 43 40 in

446 2988 96 39 that
576 2983 173 40 disease.
812 2980 82 42 We
928 2979 109 42 have
1071 2977 172 43 already
1267 2991 97 28 seen
1400 2977 94 42 that
1528 2991 54 28 an
1605 2991 185 28 element
1815 2976 45 41 of
1887 2988 172 28 staccato

446 3059 224 37 utterance
694 3052 36 41 is
754 3051 119 42 often
895 3053 176 54 present
1093 3049 45 40 in
1162 3048 73 43 the
1263 3047 155 57 speech
1441 3048 46 42 of
1499 3047 168 58 general
1693 3045 206 58 paralysis
1921 3045 46 41 of
1987 3043 71 43 the
