2107 3450
778 327 294 33 GRADUATION
1106 329 167 33 THESIS.

1766 323 86 44 477

332 444 16 32 1
369 453 47 23 oz.
438 442 114 34 raised
569 442 99 44 pitch
685 446 37 30 to
741 442 45 46 Gx
807 443 115 45 sharp.

331 490 20 31 2

331 535 19 32 3

333 581 18 30 4

332 625 18 31 5

332 670 20 32 6

332 715 18 33 7

332 761 19 31 8

333 806 19 31 9

741 489 46 44 A,

742 607 46 49 o'

744 668 25 33 c

745 713 32 33 D

744 758 32 33 D

745 803 32 33 D

1169 449 41 31 10
1231 458 50 23 oz.
1301 448 111 33 raised
1429 449 97 43 pitch
1545 453 35 29 to
1598 450 32 33 D

1169 494 38 30 11

1170 528 93 51 12;;

1173 583 37 30 13
1241 606 22 17 „

1170 627 40 31 14
1241 650 22 18 „

1170 671 40 32 15
1241 696 21 14 „

1195 717 14 30 1
1229 715 48 33 lb.

1191 762 19 30 2
1241 786 21 10 ,,

1606 495 22 33 E

1602 539 28 35 E

1602 583 28 34 E

1603 629 27 32 E

1602 673 28 33 E

1601 718 29 33 G

1599 764 32 32 A

1195 805 56 33 No
1269 805 137 34 further
1423 810 81 29 note
1521 809 184 41 produced.

245 867 38 36 It
301 865 80 39 will
399 866 46 36 be
464 865 180 37 observed
662 865 93 46 that,
775 878 39 24 as
833 865 64 37 the
918 866 102 36 voice
1038 878 81 25 rose
1137 866 42 36 in
1197 866 65 37 the
1281 867 108 37 scale,
1409 881 22 23 a
1448 873 143 43 greater
1613 871 74 35 and
1713 876 143 43 greater

197 925 139 36 weight
360 936 77 24 was
462 923 175 49 required
664 928 38 32 to
729 923 164 49 produce
912 924 89 36 each
1021 925 206 36 successive
1245 929 98 33 note.
1399 926 17 36 I
1436 939 76 24 was
1536 927 150 49 obliged
1711 929 77 37 also
1817 934 38 33 to

195 984 163 35 increase
372 983 64 36 the
450 982 99 37 force
563 982 40 36 in
622 982 167 47 blowing
806 982 137 36 almost
961 982 41 36 in
1020 994 22 24 a
1059 982 145 36 similar
1221 984 230 46 proportion,
1468 984 56 36 for
1540 984 65 37 the
1622 986 124 48 gentle
1757 987 99 36 blast

195 1039 125 36 which
334 1040 189 48 produced
538 1040 65 36 the
621 1039 265 37 fundamental
904 1043 89 33 note
1011 1039 75 36 and
1107 1039 104 37 those
1229 1052 90 25 near
1336 1041 41 46 it,
1394 1042 134 36 caused
1545 1054 48 25 no
1612 1043 105 37 vocal
1735 1045 121 35 sound

195 1102 39 31 at
255 1097 52 37 all
328 1097 109 37 when
455 1110 21 23 a
495 1097 70 37 few
583 1097 212 37 additional
814 1109 138 25 ounces
970 1110 97 24 were
1085 1097 222 48 suspended.
1362 1099 54 36 At
1433 1111 74 35 any
1526 1100 91 36 time
1635 1100 139 49 during
1790 1101 64 37 the

196 1155 116 37 lower
329 1160 116 32 notes,
467 1155 63 36 the
549 1155 107 48 pitch
675 1155 113 36 could
805 1155 46 36 be
870 1155 122 36 raised
1009 1155 52 48 by
1079 1155 141 49 simply
1236 1157 210 48 increasing
1472 1157 64 37 the
1563 1163 149 31 current
1739 1159 39 36 of
1801 1159 55 37 air

195 1212 300 49 independently
514 1213 40 36 of
569 1213 64 36 the
651 1213 165 36 increase
835 1213 40 35 of
895 1213 165 48 weight;
1087 1213 71 37 but
1185 1214 41 35 in
1255 1214 89 36 each
1373 1226 91 34 case,
1483 1214 195 49 following
1706 1216 147 46 Midler,

196 1270 18 36 I
234 1270 94 36 have
346 1271 153 35 marked
521 1271 64 35 the
604 1276 88 31 note
710 1270 192 48 produced
919 1271 52 47 by
990 1270 64 36 the
1072 1271 162 47 gentlest
1252 1271 164 48 possible
1442 1276 161 32 current.
1656 1273 108 36 With
1789 1274 65 37 the

192 1328 99 37 view
308 1328 40 37 of
363 1328 170 37 showing
550 1329 86 36 how
654 1327 116 38 much
787 1328 65 36 the
871 1327 188 37 elevation
1078 1328 41 36 in
1137 1328 107 48 pitch
1261 1329 33 35 is
1313 1329 73 36 due
1404 1333 38 32 to
1460 1329 65 36 the
1551 1329 157 49 weights
1734 1331 120 47 alone,

192 1386 76 36 and
293 1386 87 37 how
407 1387 116 36 much,
548 1391 39 32 to
614 1387 66 36 the
704 1386 191 37 increased
922 1385 100 37 force
1049 1385 39 37 of
1114 1386 65 36 the
1205 1386 100 36 blast
1332 1386 41 37 of
1396 1387 67 36 air,
1491 1387 19 35 I
1537 1391 90 32 next
1654 1388 110 36 made
1790 1388 64 36 the

192 1443 196 38 following
423 1449 265 32 observations.
743 1444 212 37 Observing
985 1444 66 36 the
1081 1448 90 32 note
1201 1444 193 48 produced
1424 1444 111 37 when
1566 1457 21 24 a
1617 1445 149 48 weight,
1798 1445 57 36 for

194 1502 172 48 example
384 1515 70 23 one
472 1502 142 49 pound,
633 1514 75 24 was
726 1502 104 36 vised,
851 1502 18 36 I
889 1502 189 36 suddenly
1097 1502 179 36 removed
1303 1502 31 36 it
1361 1501 220 49 altogether,
1599 1503 76 35 and
1700 1502 156 37 marked

193 1560 65 37 the
278 1560 107 48 pitch
402 1565 39 31 to
460 1560 124 36 which
604 1560 64 36 the
686 1560 105 37 voice
810 1560 76 36 fell,
906 1561 66 35 the
990 1564 152 32 current
1160 1560 40 36 of
1215 1561 56 35 air
1289 1560 212 37 remaining
1522 1560 64 36 the
1613 1573 109 23 same.
1775 1559 81 38 The

193 1618 119 37 result
332 1631 73 24 was
423 1631 39 24 as
480 1618 147 37 follows
645 1633 58 23 :—

1046 1685 164 33 removed
1302 1696 43 19 =

593 1688 16 31 1
628 1686 48 33 lb.

589 1733 18 32 8
627 1743 48 22 oz.

589 1781 18 29 4
639 1803 21 11 ,,

909 1686 30 32 G

908 1731 32 33 D

908 1776 26 34 C

1437 1685 27 35 C

1435 1733 43 35 A,

1110 1803 23 14 ,,
1300 1787 43 18 =
1436 1779 45 30 Ax
1504 1776 72 33 flat.

240 1842 34 33 2.
303 1839 174 49 Keeping
495 1839 63 36 the
578 1843 103 44 parts
709 1839 42 35 in
778 1839 65 36 the
871 1850 102 24 same
998 1838 178 48 position,
1198 1838 18 35 I
1247 1842 91 31 next
1365 1838 214 36 suspended
1608 1837 64 36 the
1698 1837 157 37 weights

190 1897 98 36 from
311 1897 65 37 the
402 1897 117 48 hyoid
547 1897 110 37 bone,
676 1901 96 33 with
798 1896 137 37 results
963 1896 183 36 identical
1172 1896 94 36 with
1295 1896 106 36 those
1428 1896 40 36 of
1493 1896 73 36 last
1593 1895 111 46 table,
1725 1900 130 44 except

191 1955 83 36 that
291 1955 95 37 after
405 1956 152 48 passing
577 1959 42 33 11
647 1968 65 24 oz.,
731 1955 128 36 which
886 1954 192 49 produced
1107 1954 31 35 E
1165 1966 40 24 as
1233 1953 137 37 before,
1397 1967 22 23 a
1444 1958 144 44 greater
1614 1953 141 48 weight
1779 1965 76 24 was

190 2013 176 49 required
384 2017 39 33 to
442 2018 129 32 obtain
590 2013 90 37 each
698 2013 206 37 successive
922 2016 89 32 note
1028 2025 9 31 ;
1065 2015 45 32 25
1130 2024 54 24 oz.
1215 2011 113 49 being
1356 2011 174 48 required
1556 2015 38 31 to
1619 2010 162 49 produce
1808 2010 46 47 G,

191 2071 147 37 instead
357 2071 40 37 of
412 2084 70 24 one
500 2072 140 48 pound.

241 2132 32 33 3.
304 2129 78 36 The
402 2129 137 37 larynx
559 2142 73 24 was
651 2129 84 36 that
754 2129 40 36 of
817 2141 21 24 a
856 2127 186 49 powerful
1070 2140 100 34 man,
1190 2127 93 37 aged
1309 2139 117 24 about
1453 2126 111 48 forty.
1617 2125 81 37 The
1723 2125 132 37 lowest

190 2192 89 31 note
298 2187 125 37 which
444 2188 17 36 1
481 2187 111 37 could
610 2187 165 49 produce
793 2186 94 37 with
905 2187 31 35 it
951 2186 50 48 by
1016 2186 169 48 pressing
1198 2185 221 36 backwards
1433 2184 65 36 the
1512 2184 153 47 thyroid
1679 2182 175 49 cartilage

192 2256 74 25 was
285 2245 68 48 E2.
407 2245 81 37 The
505 2245 218 48 arytenoids
740 2245 114 36 being
874 2244 97 36 fixed
991 2244 93 36 with
1102 2256 21 24 a
1141 2243 134 36 needle
1293 2255 39 24 as
1350 2242 136 37 before,
1504 2241 17 36 I
1541 2254 86 24 now
1645 2241 208 47 attempted

191 2306 39 33 to
251 2303 148 37 imitate
425 2303 51 48 by
496 2303 158 37 weights
682 2303 65 36 the
773 2303 125 36 action
927 2302 40 36 of
991 2302 64 37 the
1083 2299 254 40 cricothyroid
1364 2301 137 35 muscle.
1555 2299 92 36 This
1666 2311 73 23 was
1758 2298 96 36 done

191 2361 53 48 by
260 2362 151 48 passing
429 2374 21 24 a
468 2362 120 48 string
605 2361 167 37 through
790 2361 65 36 the
872 2361 116 36 lower
1005 2360 137 37 border
1160 2359 40 36 of
1215 2359 64 36 the
1305 2359 155 48 thyroid
1486 2357 175 47 cartilage
1689 2368 49 24 on
1765 2355 89 37 each

192 2419 79 37 side
289 2423 38 33 at
344 2419 66 37 the
428 2418 144 38 middle
590 2419 40 36 of
646 2423 83 32 that
748 2418 172 37 muscle's
939 2418 79 36 line
1038 2417 40 37 of
1092 2417 244 37 attachment.
1390 2416 125 48 Tying
1533 2414 90 38 each
1641 2414 71 36 end
1732 2413 40 36 of
1790 2412 64 37 the

193 2478 121 47 string
336 2477 42 37 in
403 2477 77 37 this
507 2482 177 44 position,
706 2477 18 36 I
752 2476 214 37 suspended
995 2476 65 37 the
1087 2475 157 37 weights
1273 2475 95 36 from
1396 2474 64 36 the
1490 2472 241 47 intervening
1756 2471 99 45 loop,

192 2535 129 36 whilst
339 2536 65 36 the
422 2536 138 37 cricoid
580 2535 176 37 cartilage
776 2547 73 24 was
868 2534 110 36 fixed,
998 2533 76 37 and
1093 2533 65 37 the
1175 2533 138 36 larynx
1341 2544 75 24 was
1444 2531 90 37 held
1559 2531 41 35 in
1629 2542 47 24 an
1703 2528 152 37 oblique

192 2594 174 47 position,
386 2606 40 24 so
444 2594 84 36 that
546 2593 65 37 the
628 2593 186 37 direction
832 2592 41 37 of
887 2591 65 37 the
971 2591 121 37 string
1110 2603 75 24 was
1203 2590 65 37 the
1287 2602 101 25 same
1414 2602 39 24 as
1481 2593 83 33 that
1591 2588 40 36 of
1655 2587 65 36 the
1744 2586 111 37 fibres

193 2650 41 38 of
249 2651 64 37 the
330 2651 154 37 muscle.
536 2651 82 37 The
636 2650 198 37 following
852 2661 97 25 were
967 2648 65 37 the
1050 2648 136 37 results
1204 2662 58 24 :—

330 2719 257 34 Fundamental
613 2722 92 38 note,
737 2719 41 44 E,

330 2765 20 42 \
367 2776 48 22 oz.
437 2765 113 33 raised
566 2765 98 44 pitch
684 2769 36 28 to
742 2763 37 46 F,

332 2814 10 28 1

328 2857 21 31 2

329 2903 20 31 3

329 2947 20 31 4

328 2992 22 32 5

330 3038 19 30 6

329 3081 20 35 7

328 3127 20 33 8

328 3172 20 33 9

740 2854 27 32 F
804 2853 114 45 sharp.

741 2897 45 58 %

741 2944 44 44 G,
809 2955 117 33 sharp.

740 2989 42 45 B,

739 3034 26 34 C

739 3079 33 32 D

739 3123 31 34 D

740 3169 32 33 D
790 3179 115 34 sharp.

1263 2763 39 31 11

1263 2809 42 30 12

1264 2854 41 31 13

1262 2898 40 33 17

1263 2943 41 33 18

1263 2990 41 30 22

1261 3035 42 30 23

1261 3080 42 30 24

1104 3125 18 30 2
1142 3123 46 33 lb.
1211 3133 37 23 or
1265 3124 42 32 32

1264 2718 41 31 10
1323 2727 48 22 oz.
1391 2714 114 35 raised
1522 2713 98 45 pitch
1638 2715 37 32 to
1693 2712 28 33 E

1694 2757 27 33 F

1694 2803 27 33 F

1691 2848 30 33 G

1597 2892 77 35 still
1691 2892 32 33 G

1689 2937 31 33 A

1597 2982 75 34 still
1690 2985 30 30 A

1693 3027 28 33 B

1693 3072 28 33 B

1694 3115 41 34 Cl

1303 3166 57 34 No
1378 3164 136 35 further
1531 3166 81 31 note
1629 3159 185 48 produced.
