2125 3612
1676 276 51 44 13

290 288 305 36 STAMMERING,
629 290 91 30 AND
754 291 87 30 THE
875 289 148 32 STUDY
1055 289 53 31 OF
1140 288 88 34 THE
1262 289 243 33 ALPHABET.

74 410 100 44 ach
208 426 47 28 or
291 411 75 42 the
402 410 158 43 Scotch
596 408 132 54 loch,
754 411 37 43 is
829 410 166 44 merely
1018 410 76 43 the
1132 409 203 56 aspirate,
1358 423 242 42 occurring,
1621 409 46 42 in
1706 424 25 28 a

72 482 240 44 somewhat
334 483 281 55 pronounced
639 484 123 42 form,
784 488 47 38 at
852 482 75 43 the
951 481 85 43 end
1069 482 48 42 of
1134 495 25 28 a
1182 480 199 57 syllable,
1404 481 174 43 instead
1608 481 45 42 of
1684 485 47 39 at

69 555 75 43 the
168 554 249 57 beginning.
481 554 91 43 The
595 555 192 42 identity
809 555 47 41 of
875 553 76 43 the
979 550 38 44 h
1047 552 87 44 and
1165 552 76 43 the
1272 549 66 45 ch
1372 551 91 43 will
1495 552 54 43 be
1581 566 145 43 recog-

69 627 137 44 nised,
237 627 39 41 if
313 626 75 42 the
427 629 88 39 two
559 626 193 44 German
790 626 140 43 words
963 624 86 45 ich
1087 623 125 53 hier,
1252 640 48 27 or
1338 624 75 43 the
1448 628 87 39 two
1570 623 159 44 Scotch

69 714 140 29 words
232 697 143 45 Loch
402 696 197 55 Hourn,
625 699 53 43 be
700 699 282 56 pronounced
1005 698 156 44 slowly
1184 697 88 43 and
1302 697 46 43 in
1372 697 253 56 continuity
1647 710 82 30 one

70 772 108 43 with
202 772 72 44 the
297 773 134 44 other.

127 844 202 43 Another
371 846 242 42 consonant
650 842 48 43 of
726 857 25 29 a
783 847 242 39 somewhat
1057 840 229 45 abnormal
1320 840 227 44 character
1584 841 143 42 which

71 915 76 44 the
183 917 214 56 posterior
433 915 315 57 stop-position
784 915 38 43 is
860 915 180 43 capable
1085 915 47 43 of
1173 913 246 58 producing
1450 913 38 43 is
1520 912 77 44 the
1628 918 98 53 gut-

69 988 116 42 tural
228 1003 47 28 or
317 989 193 56 Burring
547 986 57 44 R,
654 987 146 43 which
838 988 37 43 is
914 1001 329 30 characteristic
1280 986 45 43 of
1362 985 76 43 the
1478 985 162 44 dialect
1683 986 46 44 of

66 1073 119 29 some
224 1060 206 53 districts,
468 1060 110 44 such
620 1075 47 28 as
699 1060 76 43 the
814 1066 166 37 county
1017 1060 45 42 of
1093 1058 424 44 Northumberland,
1556 1057 88 44 and
1687 1059 39 42 is

69 1131 91 44 also
194 1132 232 43 otherwise
458 1147 25 28 a
515 1133 207 56 frequent
754 1132 265 57 peculiarity
1042 1132 44 43 of
1119 1131 171 44 speech.
1356 1130 45 43 It
1432 1130 38 44 is
1502 1131 226 56 produced

67 1204 59 56 by
148 1204 75 44 the
247 1205 171 57 trilling
439 1205 169 43 motion
631 1206 46 42 of
696 1205 75 42 the
792 1204 136 43 uvula
950 1218 172 29 against
1143 1203 75 43 the
1242 1203 112 43 back
1376 1203 48 42 of
1453 1202 75 44 the
1550 1206 175 40 tongue.

68 1276 53 41 In
156 1277 124 43 Paris
303 1277 37 43 it
361 1278 37 42 is
422 1278 93 42 said
538 1283 45 37 to
617 1278 53 42 be
703 1277 275 43 fashionable
1000 1282 46 37 to
1068 1290 79 29 use
1170 1275 90 43 this
1293 1275 231 43 abnormal
1555 1286 27 31 r
1602 1287 10 40 ;
1649 1277 78 42 but

63 1348 49 42 in
136 1348 88 44 this
248 1353 185 53 country
456 1350 184 42 burring
660 1350 38 42 is
720 1349 208 43 regarded
952 1363 46 28 as
1021 1363 25 28 a
1068 1349 145 42 defect
1235 1348 47 43 of
1300 1348 170 43 speech.

124 1419 181 44 Besides
343 1420 123 44 these
496 1421 124 43 three
649 1425 122 52 great
810 1420 361 57 Stop-positions,
1203 1420 125 43 there
1367 1434 73 28 are
1479 1425 88 38 two
1600 1420 126 44 other

61 1491 227 56 positions,
312 1492 106 43 both
442 1493 46 41 of
518 1493 121 42 them
670 1493 49 41 in
741 1493 249 42 connexion
1013 1492 110 43 with
1146 1492 75 43 the
1254 1507 142 41 upper
1420 1492 136 53 teeth,
1580 1493 145 44 where

63 1565 169 43 several
263 1566 236 43 fricatives,
525 1566 154 43 voiced
711 1566 87 43 and
830 1566 223 44 voiceless,
1086 1580 82 29 can
1200 1566 54 43 be
1286 1566 233 56 produced.
1584 1566 140 44 These

61 1652 156 29 are:—

121 1711 54 42 D.
210 1711 90 43 The
332 1710 325 44 Labio-Dental
679 1711 206 57 position,
909 1711 146 43 where
1075 1709 27 44 f
1126 1711 88 43 and
1245 1722 36 32 V
1312 1725 72 29 are
1411 1711 222 56 produced
1665 1711 60 57 by

63 1783 74 42 the
167 1797 180 42 passage
380 1784 48 42 of
455 1784 65 42 air
541 1784 201 43 between
775 1783 76 44 the
885 1799 140 42 upper
1058 1785 122 43 teeth
1215 1785 87 43 and
1327 1784 75 43 the
1431 1784 134 43 lower
1597 1780 77 61 lip,
1706 1781 26 44 f

65 1854 129 56 being
216 1854 222 44 voiceless,
462 1855 84 43 and
572 1866 35 32 V
629 1855 132 43 being
781 1853 26 44 f
831 1855 101 56 plus
954 1856 134 44 voice.

123 1926 47 42 E.
205 1926 91 43 The
329 1926 359 57 Linguo-Dental
711 1928 204 56 position,
939 1928 144 43 where
1106 1928 76 43 the
1205 1928 66 43 tip
1294 1928 48 42 of
1371 1927 75 44 the
1479 1932 176 52 tongue,
1678 1927 47 42 in

63 2004 175 38 contact
261 1999 109 42 with
393 2000 75 43 the
491 2000 107 43 edge
621 2001 45 42 of
698 2001 76 43 the
798 2015 139 42 upper
959 2001 134 43 teeth,
1116 2001 151 43 allows
1291 2002 47 41 of
1365 2001 74 43 the
1462 2000 262 57 production

65 2070 45 42 of
148 2075 86 37 two
273 2070 205 44 varieties
517 2074 46 41 of
593 2071 150 43 th—a
780 2071 224 52 voiceless,
1042 2087 47 29 as
1126 2071 47 45 in
1208 2070 133 44 thin,
1375 2072 87 42 and
1496 2087 25 27 a
1559 2072 167 52 voiced,

68 2155 48 29 as
146 2141 48 42 in
226 2138 322 54 thine;—and
572 2144 157 51 where,
750 2142 178 57 applied
951 2143 173 57 against
1155 2144 76 42 the
1263 2144 112 42 back
1409 2143 45 42 of
1483 2142 77 44 the
1591 2143 137 52 teeth,

67 2213 37 43 it
138 2213 150 43 allows
324 2214 47 42 of
406 2214 75 44 the
518 2215 265 57 production
821 2215 48 43 of
902 2215 76 43 the
1014 2216 183 43 sibilant
1226 2227 26 33 s
1288 2216 88 43 and
1409 2216 59 43 its
1503 2216 223 44 vocalized

67 2285 256 57 equivalent
352 2285 58 42 z.1
474 2288 111 56 (The
619 2301 155 29 voiced
809 2284 61 45 th
905 2287 119 44 used,
1047 2288 46 42 in
1130 2288 72 43 old
1237 2288 331 57 Anglo-Saxon,
1590 2293 45 38 to
1672 2288 54 43 be

64 2364 115 52 spelt
206 2356 103 58 dh.)

113 2472 12 24 1
154 2471 37 37 It
208 2471 68 37 has
293 2471 96 38 been
406 2472 158 48 pointed
579 2476 66 33 out
655 2476 40 33 to
709 2485 61 24 me
784 2472 83 38 that
884 2483 25 28 s
933 2485 69 24 can
1016 2472 47 37 be
1080 2473 244 49 pronounced
1338 2485 113 25 when
1465 2472 64 37 the
1544 2472 57 37 tip
1616 2471 41 38 of
1664 2472 66 37 the

64 2538 139 43 tongue
221 2533 32 36 is
278 2534 152 48 applied
449 2538 39 32 to
501 2533 66 38 the
584 2534 117 37 lower
718 2535 149 37 instead
886 2534 40 38 of
941 2539 39 33 to
998 2534 65 38 the
1082 2547 122 37 upper
1221 2534 114 37 teeth.
1391 2535 48 36 In
1457 2534 77 37 this
1553 2546 92 25 case,
1665 2534 65 37 the

64 2595 153 36 dorsum
235 2594 41 37 of
290 2595 64 36 the
372 2599 139 33 tongue
528 2596 149 36 instead
695 2596 41 37 of
758 2596 49 37 its
825 2597 58 48 tip
901 2601 77 33 acts
997 2596 94 37 with
1110 2596 64 37 the
1200 2609 120 36 upper
1337 2596 104 37 teeth
1460 2596 41 36 in
1520 2596 211 49 producing

67 2656 64 36 the
155 2667 35 27 s.
250 2656 60 36 On
329 2657 141 36 careful
496 2657 246 49 experiment,
763 2658 19 36 I
801 2658 81 36 find
914 2658 85 36 that
1029 2657 41 37 of
1097 2658 65 36 the
1186 2658 124 36 whole
1341 2657 133 37 eleven
1504 2661 225 33 consonants

66 2717 123 37 which
208 2717 65 37 the
291 2717 57 49 tip
367 2717 42 37 of
421 2718 66 37 the
508 2722 141 46 tongue
674 2718 192 38 normally
884 2720 106 36 takes
1008 2723 85 46 part
1111 2720 40 35 in
1171 2719 64 37 the
1252 2718 204 37 formation
1475 2719 47 46 of,
1542 2718 83 47 viz.,
1644 2717 84 48 th1,

65 2778 82 41 th2,
169 2789 34 30 s,
226 2789 35 31 z,
283 2778 69 41 sh,
374 2779 71 42 zh,
466 2780 33 42 t,
521 2779 42 42 d,
584 2791 44 31 n,
649 2780 27 38 1,
706 2781 75 36 and
805 2791 38 27 r,
872 2781 18 36 I
919 2794 69 23 can
1014 2793 217 37 pronounce
1258 2780 65 49 all,
1350 2784 132 45 except
1508 2793 82 24 one,
1617 2781 112 36 when

66 2839 65 36 the
158 2840 56 48 tip
241 2840 40 35 of
304 2840 65 37 the
394 2845 140 44 tongue
560 2842 33 36 is
618 2841 91 38 held
734 2842 101 37 fixed
861 2841 144 37 behind
1024 2841 64 37 the
1107 2841 89 37 arch
1216 2841 39 37 of
1279 2841 65 37 the
1374 2841 116 37 lower
1515 2841 121 45 teeth;
1663 2842 65 37 the

65 2899 153 36 dorsum
249 2899 41 36 of
316 2899 64 38 the
411 2905 139 45 tongue
578 2902 114 48 being
722 2902 197 49 employed
946 2902 146 37 instead
1124 2902 41 36 of
1191 2901 65 37 the
1286 2902 57 36 tip
1361 2902 41 36 in
1420 2901 165 49 forming
1610 2901 120 37 them.

67 2959 105 37 Even
190 2960 66 37 the
275 2960 57 38 th
350 2962 138 36 sounds
506 2975 68 24 can
593 2963 47 37 he
658 2963 90 37 thus
766 2964 201 48 produced,
987 2963 33 36 if
1035 2963 64 36 the
1113 2963 115 36 lower
1236 2963 77 48 jaw
1332 2963 46 36 he
1395 2962 220 49 protruded,
1633 2975 39 24 so
1690 2974 40 25 as

68 3024 38 32 to
124 3022 138 46 permit
280 3024 40 35 of
343 3023 64 37 the
425 3023 153 37 dorsum
605 3024 41 37 of
669 3024 65 38 the
759 3029 142 45 tongue
926 3025 114 48 being
1070 3024 166 37 brought
1261 3024 82 36 into
1371 3028 147 32 contact
1544 3022 94 37 with
1665 3023 66 36 the

68 3079 107 46 edges
193 3079 40 39 of
249 3081 63 37 tlie
331 3095 119 35 upper
468 3083 113 37 teeth.
635 3083 81 37 The
736 3084 91 50 only
846 3085 196 37 exception
1062 3085 32 36 is
1111 3095 34 31 r,
1167 3081 136 41 which,
1323 3087 163 32 without
1504 3082 64 36 the
1586 3095 142 24 agency

66 3136 41 34 of
122 3135 62 37 the
203 3140 225 48 tongue-tip,
447 3152 67 24 can
530 3140 90 36 only
634 3140 45 36 be
696 3141 113 48 given
823 3153 39 24 as
876 3140 65 37 the
954 3140 139 37 uvular
1107 3153 41 23 or
1165 3140 159 49 burring
1340 3152 35 26 r.
1426 3139 120 37 These
1561 3139 165 37 remark-
