1933 3302
174 141 51 38 90
375 142 227 40 Maassregeln
629 143 59 30 der
714 144 160 41 heutigen
899 145 155 41 Hygiene
1078 156 109 32 gegen
1213 148 65 31 den
1302 149 276 32 Hospitalbrand.

173 247 217 39 Bedenken
419 247 239 49 Demme's,
691 248 319 50 Neudörfer's,
1043 253 164 39 Zeiss's
1237 256 77 37 und
1345 255 197 49 Anderer,
1574 260 86 38 dass
1688 275 88 25 man

175 302 121 37 durch
341 301 351 53 Zusammenlegen
737 304 68 38 der
846 305 491 50 Hospitalbrandkranken
1377 310 60 37 die
1475 310 219 41 Krankheit
1731 330 44 23 zu

174 368 246 25 schwereren
451 355 168 39 Formen
649 357 174 50 steigern
854 360 146 45 würde,
1031 360 83 37 sind
1145 361 115 38 schon
1282 362 145 48 früher,
1457 363 208 41 besonders
1686 369 91 37 aber

175 409 122 38 durch
327 409 61 37 die
418 409 280 52 Erfahrungen
728 425 74 24 von
836 413 208 38 1870—71
1078 414 204 51 widerlegt
1311 417 168 38 worden.
1536 419 70 37 Als
1637 421 139 38 durch-

173 476 69 24 aus
271 463 225 51 berechtigt
524 470 157 32 müssen
701 465 71 37 wir
794 466 66 37 das
891 479 75 25 von
988 465 177 40 Gerson
1195 471 335 49 ausgesprochene
1552 472 225 41 Bedürfniss

175 516 105 38 eines
311 517 190 39 ebenfalls
532 532 47 24 zu
609 519 278 48 separirenden
918 519 574 43 Reconvalescentenlazareths
1530 527 248 39 anerkennen

176 592 45 4 —
256 571 62 37 ein
341 570 108 47 Plan,
482 572 168 38 welcher
676 573 42 49 ja
750 573 99 37 denn
879 574 99 37 auch
1008 574 118 38 schon
1148 589 72 24 von
1244 576 226 39 Werneck
1491 580 78 37 und
1588 580 38 38 in
1647 581 130 38 Berlin

176 624 104 38 1870
321 639 69 24 zur
421 625 261 50 Ausführung
720 627 104 37 kam.
882 627 75 38 Die
994 628 281 50 hygienischen
1312 631 281 48 Vorschriften,
1636 635 142 38 welche

175 678 242 52 Zaborsky
438 680 63 37 für
524 681 60 36 die
608 679 223 40 Aufnahme
853 694 74 25 von
949 681 159 39 solchen
1130 683 205 39 Patienten
1356 686 121 50 giebt,
1500 687 146 39 welche
1666 694 111 45 mög-

173 732 244 40 licherweise
448 734 441 49 Hospitalbrandkeime
928 736 240 50 mitbringen
1205 738 192 48 könnten,
1437 741 60 37 die
1527 740 251 40 Mahnungen

174 786 287 48 Werneck's,
493 788 63 37 bei
586 788 241 38 Evacuation
858 790 77 36 und
966 789 240 52 Entlassung
1237 792 66 38 der
1334 793 444 39 Hospitalbrandrecon-

173 841 252 39 valescenten
457 841 215 51 vorsichtig
703 856 46 24 zu
779 843 96 46 sein,
907 843 87 39 dass
1024 843 55 39 sie
1109 845 108 37 nicht
1236 846 38 37 in
1296 847 74 37 den
1391 847 182 39 Wunden
1594 850 92 37 oder
1707 851 72 37 den

173 895 392 52 Kleidungsstücken
588 896 60 38 die
671 896 139 38 Keime
833 897 68 37 der
922 897 223 39 Krankheit
1165 899 293 50 verschleppen,
1489 902 128 38 finden
1647 904 39 37 in
1711 904 68 38 der

174 950 191 51 heutigen
388 950 184 50 Hygiene
594 950 102 38 volle
718 950 399 52 Berücksichtigung.
1157 952 78 39 Wo
1257 954 61 37 ein
1340 954 217 51 Transport
1578 956 200 39 Hospital-

174 1004 302 38 brandkranker
504 1004 257 51 nothwendig
791 1009 117 42 wäre,
940 1007 133 37 würde
1104 1020 88 24 man
1223 1008 70 37 mit
1313 1008 170 51 Energie
1505 1011 75 37 und
1602 1010 179 38 Umsicht

174 1058 54 38 im
259 1057 145 39 Stande
435 1059 94 46 sein,
562 1059 143 38 ebenso
736 1059 120 38 exakt
885 1060 60 38 die
976 1060 144 50 völlige
1150 1060 195 52 Isolirung
1375 1063 302 39 durchzusetzen
1710 1078 68 24 wie

174 1112 105 39 beim
308 1112 204 39 ruhenden
542 1112 206 39 Lazareth.

306 1167 82 38 Das
409 1167 632 51 Krankenzerstreuungssystem,
1068 1168 63 38 für
1151 1169 166 38 welches
1338 1170 99 38 beim
1462 1170 317 47 Hospitalbrand,

175 1221 73 39 wie
279 1221 71 38 wir
381 1221 141 46 sahen,
559 1221 227 50 Delpech,
825 1224 131 48 später
986 1222 266 39 Neudörfer
1282 1225 77 37 und
1390 1224 156 38 Andere
1577 1227 201 44 eintraten,

174 1289 107 25 muss
301 1289 92 24 man
413 1278 73 35 mit
506 1275 160 38 Heine
687 1276 52 37 im
753 1276 274 38 Allgemeinen
1044 1277 230 37 verwerfen.
1305 1277 112 38 Auch
1433 1279 39 36 in
1489 1279 67 37 der
1573 1278 206 47 Richtung,

176 1330 87 38 dass
294 1329 466 39 Hospitalbrandkranke
790 1331 40 37 in
860 1331 152 49 private
1036 1331 264 50 Wohnungen
1330 1345 68 24 zur
1426 1332 84 37 Kur
1540 1332 77 37 und
1648 1332 132 51 Pflege

176 1384 235 50 eiuquartirt
430 1385 171 37 werden,
632 1385 156 37 können
810 1385 70 37 wir
902 1385 81 37 dies
1006 1383 155 52 System
1183 1385 160 38 deshalb
1373 1386 107 37 nicht
1510 1386 153 38 dulden,
1695 1387 87 37 weil

175 1438 174 39 dadurch
380 1438 98 38 doch
508 1438 140 39 Keime
679 1439 137 38 weiter
837 1441 198 36 verstreut
1055 1440 156 37 werden
1231 1440 167 37 können.
1458 1439 67 38 Ich
1546 1440 78 37 will
1641 1441 141 49 jedoch

174 1493 109 38 nicht
311 1507 140 37 sagen,
491 1494 87 37 dass
615 1493 109 38 nicht
754 1496 114 35 unter
898 1493 218 38 besondern
1148 1493 244 38 Umständen
1422 1493 252 38 Ausnahmen
1709 1507 71 37 ge-

175 1550 137 36 stattet
343 1548 158 37 werden
530 1548 187 38 könnten.
769 1547 77 38 Wo
868 1548 114 37 keine
1004 1550 163 35 weitern
1188 1547 290 38 Verwundeten
1499 1548 82 38 sich
1600 1548 179 38 befinden

175 1603 79 37 und
271 1603 100 37 auch
386 1602 108 38 nicht
514 1616 47 24 zu
583 1615 192 25 erwarten
791 1602 98 38 sind,
911 1602 68 38 auf
998 1602 86 37 dem
1100 1602 134 37 Lande
1252 1602 61 37 bei
1329 1602 203 49 geringem
1548 1602 231 38 Menschen-

175 1657 184 38 verkehr,
390 1657 65 38 bei
483 1657 256 50 genügender
766 1656 184 39 Garantie
981 1656 95 38 aller
1106 1656 188 50 nöthigen
1309 1655 469 51 Vorsichtsmaassregeln

175 1724 131 38 gegen
334 1711 331 50 Verschleppung
697 1711 160 37 würden
887 1710 255 38 Ausnahmen
1172 1709 171 39 möglich
1372 1710 92 37 sein.

306 1765 59 39 Ist
385 1766 61 38 die
468 1764 198 40 Isolirung
688 1766 67 37 der
777 1764 403 50 Hospitalbrandigeu
1201 1763 323 51 bewerkstelligt,
1555 1777 41 24 so
1628 1763 152 50 ergiebt

178 1820 81 38 sich
300 1821 60 37 die
405 1820 160 38 weitere
608 1820 204 50 Aufgabe,
856 1819 91 38 alle
990 1832 86 24 von
1119 1819 158 37 diesen
1318 1817 464 51 zurückgelassenen

177 1874 463 39 Infectionsquellen
669 1873 308 39 unschädlich
1003 1887 54 24 zu
1076 1872 203 38 machen.
1320 1871 118 38 Diese
1459 1872 84 37 sind
1565 1884 91 25 aber
1676 1870 107 38 nicht

178 1933 102 35 etwa
300 1944 74 23 nur
393 1930 40 37 in
455 1934 219 46 grösseren,
705 1928 246 52 greifbaren,
981 1930 73 35 mit
1074 1925 451 39 Hospitalbrandstoffen
1555 1925 227 38 besudelten

179 1983 305 39 Gegenständen
514 1997 47 24 zu
591 1983 166 38 suchen,
797 1983 169 37 sondern
996 1995 72 24 wie
1098 1981 195 37 bekannt,
1325 1980 96 37 auch
1452 1980 39 37 in
1522 1979 257 45 versteckten,

177 2039 58 38 oft
283 2039 68 37 der
400 2038 174 38 directen
623 2036 453 50 Sinneswahrnehmung
1124 2034 338 50 unzugänglichen
1510 2033 175 49 Dingen:
1742 2032 39 38 in

178 2093 188 38 Keimen,
410 2092 146 38 welche
599 2092 71 37 auf
706 2090 305 39 räthselhaften,
1054 2091 108 36 nicht
1198 2100 338 37 aufzuspürenden
1564 2086 218 50 Umwegen

180 2148 253 50 verschleppt
462 2147 172 39 wurden.

309 2203 54 37 Es
393 2201 111 38 führt
533 2214 81 24 also
645 2200 105 38 diese
771 2198 183 39 Aufgabe
986 2211 48 24 zu
1063 2197 68 38 der
1151 2195 141 51 Frage,
1324 2209 59 25 wo
1404 2208 71 24 wir
1495 2194 128 39 solche
1643 2193 138 38 Keime

179 2257 145 39 suchen
365 2257 80 37 und
486 2254 240 40 bekämpfen
767 2253 122 38 sollen
935 2252 76 38 und
1053 2251 69 38 auf
1159 2263 188 25 welchem
1386 2249 127 50 Wege
1553 2248 54 38 sie
1644 2248 39 37 in
1722 2248 59 37 die

179 2311 186 39 Wunden
394 2310 335 50 hineingelaugen
758 2309 169 36 können.
967 2306 75 38 Die
1074 2305 97 38 Luft
1200 2318 55 24 als
1285 2303 129 39 solche
1444 2304 154 37 können
1628 2315 69 24 wir
1727 2301 55 37 als

178 2365 278 39 ungefährlich
486 2363 242 39 betrachten.
772 2362 74 38 Die
878 2362 100 37 oben
1008 2359 262 51 mitgetheilte
1300 2357 175 46 Ansicht,
1508 2357 86 37 dass
1623 2356 54 37 sie
1707 2368 76 24 von

180 2422 74 37 den
267 2420 340 38 Ausdünstungen
624 2419 67 37 der
706 2414 540 52 Hospitalbrandgeschwüre
1264 2412 122 38 durch
1407 2424 112 25 einen
1540 2422 242 26 chemischen

179 2475 104 39 Stoff
319 2474 187 39 vergiftet
545 2473 56 38 sei
643 2472 80 38 und
763 2470 122 39 durch
923 2470 132 37 diesen
1090 2468 60 38 die
1181 2467 200 51 gesunden
1411 2465 182 37 Wunden
1622 2463 159 44 inficire,

179 2535 142 46 gehört
357 2528 194 38 nunmehr
588 2525 187 39 lediglich
814 2526 67 36 der
914 2523 233 39 Geschichte
1179 2535 59 24 an.
1297 2520 131 38 Wenn
1466 2519 58 37 die
1555 2517 95 38 Luft
1684 2516 100 38 noch

179 2598 42 25 so
251 2584 91 38 sehr
373 2584 74 37 den
479 2581 158 39 Geruch
674 2581 67 37 des
772 2577 352 51 Hospitalbrandes
1162 2588 256 31 verbreitete,
1458 2584 132 25 würde
1629 2584 55 25 sie
1722 2570 60 38 die

179 2639 188 38 Wunden
396 2650 109 25 nicht
533 2635 189 38 inficiren.
763 2633 114 38 Auch
899 2633 60 37 die
981 2629 295 53 gewöhnlichen
1299 2625 319 41 Staubtheilchen
1646 2625 40 37 in
1715 2624 67 38 der

180 2693 97 39 Luft
307 2691 200 40 enthalten
538 2690 116 38 keine
685 2685 458 52 Hospitalbrandkeime,
1185 2696 113 25 wenn
1338 2682 54 37 sie
1429 2680 108 38 nicht
1572 2692 74 25 von
1685 2691 96 37 ganz

180 2748 271 38 bestimmten,
492 2743 171 40 nämlich
700 2745 72 35 mit
801 2739 438 51 Hospitalbrandsecret
1277 2734 316 50 verunreinigten
1625 2732 156 49 Gegen-

181 2803 164 37 ständen
375 2814 205 25 stammen.
619 2797 55 39 Es
694 2795 161 39 handelt
883 2794 79 38 sich
995 2793 80 39 also
1104 2805 67 25 um
1201 2791 60 38 die
1282 2789 236 48 Berührung
1539 2788 67 37 der
1626 2784 155 39 Wunde

180 2857 73 38 mit
282 2857 116 37 fixen,
429 2854 195 39 inficirten
655 2849 305 40 Gegenständen
990 2848 93 38 oder
1115 2847 117 37 deren
1263 2842 292 46 Staubtheilen..

313 2909 114 40 Steht
457 2909 125 38 dieser
613 2906 90 38 Satz
742 2905 95 38 fest,
879 2916 41 24 so
958 2901 153 39 möchte
1151 2912 88 25 man
1270 2898 60 37 die
1361 2910 100 24 oben
1492 2893 288 44 bezeichneten,

181 2964 245 39 besonderen
455 2956 473 45 Vorsichtsmaassregeln
959 2954 197 41 vielleicht
1183 2953 63 38 für
1275 2950 234 50 überflüssig
1545 2947 150 45 halten,
1735 2945 47 38 da
