2775 3976
1411 3854 29 51 8

1083 394 244 48 Western
1348 391 366 61 Manuscripts

471 671 114 49 The
618 670 249 65 majority
898 670 60 49 of
986 670 90 50 the
1109 670 293 50 Institute's
1433 678 229 42 western
1694 671 354 65 manuscripts
2081 687 89 35 are
2202 672 263 50 recorded
2495 673 52 50 in

403 753 163 50 detail
588 753 52 49 in
662 753 185 50 S.A.J.
874 753 267 49 Moorat's
1165 751 293 66 Catalogue
1477 752 67 65 of
1558 754 229 49 Western
1810 755 358 64 Manuscripts
2189 771 70 33 on
2282 754 267 51 Medicine

402 835 110 51 and
527 836 214 49 Science
758 837 51 47 in
828 834 84 50 the
932 834 284 50 Wellcome
1233 834 239 65 Library.
1499 835 289 50 Published
1804 836 52 48 in
1873 836 151 50 three
2040 837 245 50 volumes
2301 837 246 51 between

408 918 129 50 1962
558 918 106 49 and
689 917 149 58 1973,
863 917 102 50 this
985 917 217 50 records
1223 933 151 34 more
1395 917 129 49 than
1544 917 157 60 5,000
1721 918 354 65 manuscripts
2095 919 184 65 dating
2297 919 140 50 from
2458 920 90 50 the

403 1000 252 50 eleventh
676 1008 56 42 to
754 1000 90 50 the
867 999 278 50 twentieth
1167 999 284 50 centuries.
1478 1001 159 48 More
1659 1000 129 49 than
1810 1000 99 50 800
1929 1001 61 49 of
2007 1001 152 50 these
2178 1017 141 34 were
2339 1010 209 42 written

403 1083 190 50 before
626 1082 149 50 1650,
805 1082 90 50 the
924 1082 213 50 earliest
1164 1082 161 65 being
1352 1097 65 34 an
1445 1082 389 65 Anglo-Saxon
1861 1083 327 65 manuscript
2215 1083 140 50 from
2383 1092 166 42 about

404 1167 108 48 AD
540 1165 146 50 1025.
714 1166 52 48 A
787 1165 137 49 wide
945 1172 204 42 variety
1169 1164 60 50 of
1248 1166 293 64 European
1563 1165 289 64 languages
1874 1165 40 49 is
1936 1166 371 65 represented,
2332 1167 105 49 and
2459 1167 90 50 the

404 1248 205 50 subject
631 1255 195 42 matter
846 1247 41 50 is
911 1247 112 50 also
1042 1247 408 65 wide-ranging,
1473 1247 290 51 extending
1783 1247 52 49 in
1855 1263 151 34 some
2027 1264 148 34 cases
2194 1249 118 49 well
2333 1249 216 65 beyond

403 1331 90 49 the
541 1330 156 50 fields
744 1330 60 49 of
848 1345 209 34 science
1105 1329 106 50 and
1257 1330 284 50 medicine.
1592 1331 271 64 Amongst
1909 1330 90 50 the
2045 1338 266 43 treasures
2357 1332 61 49 of
2459 1332 89 50 the

403 1413 286 50 collection
721 1428 89 34 are
841 1428 67 34 an
937 1413 146 49 early
1107 1411 252 51 Articella
1388 1412 141 49 from
1558 1412 90 50 the
1677 1412 195 50 library
1901 1413 60 49 of
1987 1414 144 64 Bury
2160 1414 74 49 St.
2268 1414 281 50 Edmunds

404 1496 218 65 Abbey,
653 1511 29 34 a
710 1495 109 50 fine
848 1495 682 50 mid-thirteenth-century
1557 1495 186 50 herbal
1770 1495 127 50 with
1925 1511 130 34 over
2080 1495 99 50 200
2205 1496 262 66 drawings
2493 1496 61 50 of

403 1586 175 58 plants
598 1578 106 50 and
724 1578 244 50 animals,
991 1577 105 50 and
1116 1594 29 33 a
1164 1577 402 66 magnificently
1582 1577 298 51 illustrated
1898 1578 310 50 miscellany
2224 1578 60 50 of
2298 1579 90 49 the
2407 1580 144 64 early

403 1661 252 50 fifteenth
685 1668 243 58 century,
960 1660 311 50 containing
1300 1660 90 50 the
1419 1659 358 66 Apocalypse,
1815 1660 91 50 the
1933 1661 106 49 Ars
2069 1660 278 51 moriendi,
2386 1661 106 50 and
2522 1677 30 34 a

404 1743 247 51 splendid
677 1743 163 50 series
866 1743 60 50 of
949 1743 323 50 anatomical
1299 1743 106 50 and
1430 1743 228 50 medical
1684 1743 365 50 illustrations.
2078 1743 176 50 There
2280 1743 40 50 is
2347 1743 112 50 also
2485 1760 66 33 an

403 1827 225 49 original
650 1827 150 49 work
823 1826 52 50 in
898 1826 89 50 the
1012 1826 145 50 hand
1179 1826 60 50 of
1258 1826 141 50 John
1423 1827 141 49 Dee,
1588 1826 439 50 mathematician
2050 1826 105 50 and
2177 1826 298 50 astrologer
2495 1834 56 42 to

405 1910 196 55 Queen
629 1909 282 50 Elizabeth
938 1910 40 48 I.
1009 1910 160 48 From
1196 1909 90 49 the
1314 1909 134 49 later
1472 1909 212 65 period,
1714 1909 151 50 there
1893 1925 89 34 are
2009 1909 190 50 fifteen
2226 1909 244 50 volumes
2495 1909 61 50 of

404 1993 182 49 letters
625 1992 106 50 and
769 1992 321 50 documents
1128 1991 227 51 relating
1392 1999 56 42 to
1475 1991 157 56 ,Lord
1667 1991 207 50 Nelson
1912 1991 105 50 and
2054 1992 79 49 his
2169 1992 290 49 command
2496 1992 60 50 of

403 2075 214 50 various
644 2075 156 50 fleets
827 2075 192 50 during
1044 2075 91 49 the
1162 2090 152 50 years
1345 2074 322 51 1780-1805,
1696 2082 106 42 two
1828 2074 309 50 laboratory
2162 2074 308 50 notebooks
2496 2074 60 50 of

404 2158 174 50 Marie
597 2158 184 50 Curie,
802 2157 106 50 and
925 2173 106 34 one
1048 2157 61 50 of
1121 2159 242 48 Pasteur,
1383 2173 55 34 as
1453 2157 119 50 well
1590 2173 55 34 as
1661 2164 156 43 notes
1834 2157 140 49 from
1991 2157 228 50 lectures
2236 2157 69 50 by
2320 2157 231 50 William

404 2242 234 49 Hunter,
666 2241 141 50 John
835 2242 234 49 Hunter,
1098 2240 234 50 William
1359 2240 214 59 Cullen,
1601 2240 202 65 Joseph
1830 2240 192 50 Lister,
2052 2240 106 50 and
2184 2240 90 50 the
2301 2241 249 60 Monros,

404 2324 90 50 the
517 2324 232 50 Scottish
771 2324 226 65 dynasty
1018 2323 60 50 of
1097 2330 335 43 anatomists.

482 2519 114 50 The
620 2519 328 50 manuscript
970 2519 286 50 collection
1277 2519 61 49 of
1354 2519 90 50 the
1466 2519 235 50 Medical
1723 2519 213 50 Society
1956 2519 61 49 of
2033 2519 253 61 London,
2309 2520 254 50 acquired

413 2601 86 50 for
522 2602 90 49 the
637 2601 247 51 Institute
908 2602 53 49 in
990 2602 149 50 1984,
1166 2601 244 51 contains
1436 2618 29 33 a
1488 2602 208 50 further
1718 2602 100 49 200
1840 2601 355 66 manuscripts
2218 2602 184 50 dating
2422 2602 141 50 from

413 2684 91 51 the
544 2685 206 50 twelfth
792 2693 56 42 to
889 2685 90 50 the
1021 2684 318 50 nineteenth
1379 2682 286 51 centuries.
1710 2682 218 49 Almost
1969 2682 67 49 all
2078 2697 90 35 are
2207 2683 265 51 recorded
2509 2683 54 51 in

414 2768 225 49 Warren
662 2768 65 49 R.
754 2768 261 60 Dawson,
1039 2769 367 48 Manuscripta
1428 2767 235 50 Medica:
1686 2784 30 33 a
1738 2769 329 63 Descriptive
2091 2766 291 66 Catalogue
2402 2767 67 51 of
2481 2767 83 51 the

415 2851 359 49 Manuscripts
795 2852 52 48 in
869 2850 85 50 the
974 2849 236 51 Medical
1228 2850 207 65 Society
1456 2850 68 51 of
1535 2849 235 51 London
1795 2848 277 67 (London,
2102 2848 172 67 1932).

479 3077 59 48 In
589 3076 264 61 addition,
904 3077 152 50 there
1104 3077 41 50 is
1193 3093 29 34 a
1269 3078 286 50 collection
1603 3078 310 66 containing
1960 3095 151 34 more
2159 3080 128 49 than
2339 3080 221 59 100,000

411 3159 299 65 autograph
755 3159 200 50 letters.
1003 3160 126 50 This
1171 3160 241 50 includes
1454 3161 316 50 substantial
1813 3161 313 50 collections
2168 3162 61 49 of
2267 3162 182 50 letters
2491 3163 68 65 by

410 3241 258 51 Florence
693 3242 364 66 Nightingale,
1084 3243 164 50 Louis
1271 3244 242 59 Pasteur,
1536 3244 204 65 Joseph
1764 3244 191 50 Lister,
1981 3245 232 49 Edward
2235 3246 219 59 Jenner,
2480 3245 80 51 Sir

409 3325 180 49 James
621 3326 183 64 Paget,
837 3326 141 49 T.H.
1016 3326 233 65 Huxley,
1284 3326 315 51 Alexander
1628 3343 106 34 von
1768 3327 325 50 Humboldt,
2128 3328 106 49 and
2265 3343 293 35 numerous

410 3407 157 50 other
592 3407 293 65 important
913 3408 228 50 medical
1169 3409 106 50 and
1301 3409 261 50 scientific
1586 3410 216 65 figures.
1832 3410 176 50 There
2033 3410 42 50 is
2101 3426 30 34 a
2154 3410 142 50 brief
2317 3410 160 50 index
2502 3418 56 42 to

409 3488 102 51 this
538 3490 286 50 collection
852 3498 51 42 at
930 3491 91 50 the
1048 3491 107 50 end
1180 3492 61 49 of
1264 3492 90 50 the
1382 3492 98 50 last
1506 3493 218 49 volume
1751 3493 60 49 of
1835 3493 184 50 S.A.J.
2052 3494 266 49 Moorat's
2344 3501 214 57 printed

409 3572 303 64 catalogue,
741 3573 105 49 and
872 3589 29 34 a
927 3589 150 35 more
1104 3575 447 65 comprehensive
1577 3575 125 50 card
1727 3576 282 65 catalogue
2035 3575 42 50 is
2103 3575 261 50 available
2390 3575 52 49 in
2466 3575 90 50 the

410 3653 238 51 Library.
