2107 3450
501 305 87 31 THE
620 302 245 34 LANGUAGE
898 302 55 33 OF
985 301 302 34 DEAF-MUTES.

1643 289 85 47 147

126 427 47 42 If
191 428 23 42 I
238 442 110 29 were
370 441 24 29 a
417 426 173 44 teacher
611 425 48 43 of
676 425 279 43 deaf-mutes,
973 424 23 43 I
1014 423 171 45 should,
1204 424 22 42 I
1246 422 143 53 think,
1404 422 112 42 have
1536 421 74 44 the
1628 422 96 43 first

64 498 132 44 series
218 500 46 42 of
285 499 165 44 lessons
472 497 175 57 printed
670 496 189 44 entirely
876 496 48 43 in
947 495 108 44 such
1078 510 26 28 a
1125 494 208 57 phonetic
1355 493 218 57 alphabet.
1628 493 93 44 The

64 578 105 34 next
202 570 166 44 lessons
391 570 23 42 I
437 583 157 30 should
626 568 112 44 have
770 568 175 57 printed
975 568 47 42 in
1051 567 160 43 double
1243 567 126 51 lines,
1391 566 48 42 of
1470 564 145 44 which
1637 578 84 30 one

62 643 145 42 would
225 643 52 43 be
294 642 207 57 phonetic
518 641 86 43 and
621 641 72 43 the
709 641 125 43 other
849 641 48 42 in
913 640 74 44 the
1006 639 207 57 ordinary
1230 638 202 57 spelling.
1486 637 143 51 Later,
1645 637 75 43 the

61 718 85 38 two
179 714 210 56 spellings
421 713 141 57 might
584 713 53 43 be
659 713 133 57 given
814 726 56 29 on
893 712 200 57 opposite
1125 725 143 43 pages.
1333 710 104 44 Still
1465 710 123 52 later,
1612 708 107 57 only

58 798 26 29 a
106 785 83 43 few
211 786 45 42 of
279 786 73 42 the
374 800 119 28 more
531 785 189 43 difficult
751 784 143 44 words
926 784 143 43 might
1100 784 55 43 be
1187 783 206 44 repeated
1426 782 49 43 in
1506 796 212 44 phonetic

56 857 200 56 spelling,
279 858 111 43 after
412 858 74 43 the
508 858 206 56 ordinary
737 857 215 57 spelling;
986 857 87 43 and
1096 856 166 57 finally,
1285 856 76 43 the
1383 855 168 44 lessons
1574 854 145 43 might

56 929 52 43 be
132 930 174 56 printed
328 930 185 43 entirely
534 931 45 41 in
602 930 74 43 the
699 930 207 57 ordinary
925 929 200 57 spelling.
1190 930 22 42 1
1236 929 167 44 submit
1428 928 88 43 this
1540 941 175 44 sugges-

56 1002 105 51 tion,
198 1003 298 57 respectfully,
535 1004 65 41 for
638 1003 74 43 the
755 1003 323 43 consideration
1121 1003 48 42 of
1208 1002 124 43 those
1376 1001 97 44 who
1516 1015 103 42 may
1662 1000 53 43 be

53 1075 212 57 specially
298 1075 238 44 interested
574 1076 46 42 in
659 1076 74 43 the
772 1090 232 29 education
1038 1075 48 43 of
1119 1075 279 43 deaf-mutes.
1462 1073 195 56 Perhaps
1692 1073 22 42 I

54 1161 103 42 may
180 1152 76 38 not
278 1148 52 43 be
354 1147 253 44 considered
645 1152 72 39 too
750 1147 103 43 bold
877 1147 45 43 in
947 1147 183 57 offering
1150 1147 49 52 it,
1222 1160 120 30 since
1365 1146 23 42 I
1411 1145 125 44 have,
1559 1146 48 41 of
1624 1144 89 43 late

51 1233 140 41 years,
215 1220 109 43 been
357 1235 25 28 a
402 1220 111 56 good
551 1220 98 44 deal
686 1220 210 43 occupied
930 1226 109 36 with
1073 1219 77 43 the
1181 1219 135 44 study
1339 1219 48 43 of
1419 1219 75 43 the
1527 1218 187 57 Physio-

51 1290 159 57 logical
231 1292 236 43 Alphabet.

111 1364 92 43 The
226 1371 165 36 system
415 1365 43 42 of
481 1367 22 21 "
521 1365 305 57 Lip-Eeading
844 1364 19 17 "
886 1365 37 42 is
946 1364 174 57 rapidly
1142 1364 182 56 gaining
1354 1363 170 57 ground
1558 1377 156 43 every-

51 1436 154 43 where.
261 1438 44 41 It
338 1437 76 42 has
447 1451 55 28 no
534 1437 112 42 rival
677 1437 47 42 in
756 1437 58 43 its
848 1437 242 56 capability
1123 1437 48 42 of
1200 1435 209 44 enabling
1443 1436 269 43 deaf-mutes

49 1513 45 36 to
127 1508 165 58 mingle
324 1509 47 41 in
404 1509 206 56 ordinary
642 1509 178 43 society.
885 1509 45 42 It
962 1509 37 42 is
1033 1522 91 29 also
1159 1507 189 43 claimed
1381 1508 68 42 for
1479 1508 48 51 it,
1561 1508 59 56 by
1652 1508 60 43 its

49 1579 243 43 advocates,
315 1579 97 43 that
433 1580 37 42 it
491 1580 37 42 is
551 1594 25 28 a
598 1580 143 42 better
773 1580 72 42 aid
868 1584 46 38 to
938 1579 209 43 thinking
1177 1579 108 42 than
1309 1593 88 28 any
1420 1578 47 43 of
1486 1579 75 43 the
1585 1578 128 44 other

48 1651 210 44 methods.
322 1652 242 57 Although,
587 1667 46 28 as
657 1652 78 43 has
758 1653 112 43 been
893 1652 120 57 truly
1036 1652 108 43 said,
1165 1651 76 44 the
1276 1651 279 44 uneducated
1590 1652 120 43 deaf-

47 1730 121 37 mute
201 1723 37 44 is
268 1739 25 27 a
315 1725 209 43 standing
546 1725 240 42 refutation
811 1725 45 42 of
888 1724 76 44 the
987 1724 181 43 opinion
1191 1724 100 43 that
1313 1724 125 43 there
1461 1739 81 28 can
1564 1725 54 42 be
1654 1739 58 28 no

45 1796 187 43 rational
270 1796 211 44 thinking
518 1797 187 43 without
745 1797 151 44 words,
918 1797 38 43 it
978 1797 38 43 is
1039 1796 300 44 nevertheless
1370 1796 76 44 the
1478 1810 98 30 case
1612 1797 99 43 that

45 1867 69 44 his
151 1868 210 51 thinking
394 1884 82 28 can
511 1884 134 28 never
678 1870 142 42 attain
844 1874 44 38 to
912 1884 25 28 a
958 1869 108 50 high
1098 1868 114 44 level
1248 1868 118 43 until
1398 1868 56 43 he
1486 1868 79 43 has
1599 1869 111 43 been

45 1940 215 44 educated
282 1946 45 38 to
351 1941 74 43 the
447 1956 77 29 use
547 1942 45 43 of
615 1941 151 44 words.
821 1942 56 43 In
900 1942 126 43 order
1050 1946 43 38 to
1116 1941 134 43 think
1271 1941 48 43 in
1338 1941 154 54 words,
1510 1941 55 44 he
1589 1948 120 37 must

44 2013 97 43 first
163 2014 52 42 be
238 2013 96 44 able
358 2018 44 38 to
426 2014 85 43 call
534 2029 59 42 up
615 2015 117 43 their
765 2015 165 57 images
965 2014 47 43 in
1047 2014 70 43 his
1152 2013 136 45 mind.
1350 2014 73 43 No
1455 2029 175 41 process
1663 2016 46 42 of

44 2086 198 57 training
265 2086 89 42 will
378 2101 100 29 ever
500 2087 156 43 enable
678 2087 93 42 him
795 2092 44 37 to
862 2086 85 43 call
970 2101 60 41 up
1063 2086 117 43 their
1212 2086 344 57 sound-images.
1621 2087 87 43 For

43 2157 105 45 him,
172 2159 140 42 sound
336 2159 77 43 has
437 2173 55 29 no
516 2160 232 43 existence.
804 2160 101 43 But,
924 2159 47 42 in
994 2159 75 43 the
1091 2159 186 43 absence
1295 2159 47 42 of
1361 2159 156 43 sound,
1539 2159 55 43 he
1613 2174 94 39 can,

44 2231 126 43 when
210 2230 224 44 educated,
456 2235 118 39 store
606 2246 60 41 up
696 2231 75 43 the
793 2231 145 43 visual
959 2232 165 42 images
1148 2232 47 42 of
1215 2231 178 43 written
1416 2232 167 43 words;
1618 2232 88 42 and

40 2303 56 44 he
121 2318 79 28 can
219 2317 76 29 use
318 2303 123 43 these
463 2303 47 43 in
534 2304 73 43 the
625 2318 222 42 processes
870 2304 44 43 of
935 2304 222 57 thinking,
1175 2304 44 42 in
1240 2304 124 57 place
1382 2305 45 41 of
1450 2304 74 44 the
1543 2305 162 43 sound-

37 2375 165 57 images
245 2376 231 57 employed
519 2377 60 56 by
621 2377 159 44 others.
861 2378 44 43 If
952 2378 174 43 trained
1169 2382 45 39 to
1260 2378 104 44 Oral
1403 2379 300 45 Articulation

38 2448 86 42 and
168 2448 316 59 Lip-Reading,
516 2449 56 44 he
616 2464 81 28 can
740 2449 177 58 employ
960 2451 127 43 other
1130 2451 307 57 word-images
1479 2467 49 29 or
1563 2454 139 43 word-

36 2521 243 51 memories,
302 2521 46 43 of
368 2536 25 28 a
415 2521 110 43 kind
548 2536 119 30 more
694 2522 164 58 closely
881 2522 133 45 allied
1037 2527 45 40 to
1105 2523 345 58 sound-images.
1514 2525 73 44 He
1620 2540 84 30 can

37 2593 107 42 then
182 2593 177 57 employ
394 2595 75 43 the
505 2596 231 43 memories
760 2596 49 43 of
826 2596 264 57 production
1124 2596 100 44 that
1259 2611 73 30 are
1366 2598 242 57 imprinted
1643 2600 59 57 by

35 2665 76 44 the
136 2666 222 44 muscular
379 2681 125 30 sense
522 2668 48 43 of
584 2668 75 44 the
677 2673 143 39 motor
836 2670 275 43 mechanism
1129 2670 87 43 and
1234 2671 58 57 by
1310 2670 76 44 the
1404 2671 152 44 tactile
1575 2686 127 30 sense

35 2738 45 42 of
102 2738 75 43 the
207 2753 181 29 mucous
422 2742 192 42 surfaces
636 2741 108 43 used
778 2742 47 42 in
848 2743 170 42 speech.
1083 2743 61 42 To
1175 2742 136 44 these,
1333 2743 47 43 in
1403 2744 193 57 forming
1630 2744 70 44 his

34 2816 206 51 concepts
263 2812 47 42 of
329 2813 153 52 words,
504 2813 55 43 he
582 2828 81 29 can
685 2814 87 44 add
805 2814 75 44 the
907 2829 127 29 sense
1056 2815 44 43 of
1124 2815 222 44 vibration
1380 2816 224 57 produced
1639 2818 60 57 by

34 2883 76 43 the
134 2883 132 53 voice,
284 2885 86 42 and
394 2885 91 43 also
508 2886 76 44 the
602 2887 145 43 visual
769 2888 232 44 memories
1019 2888 47 42 of
1085 2888 75 43 the
1184 2893 276 39 movements
1483 2891 215 42 observed

31 2956 49 42 in
107 2955 146 44 others
276 2956 128 44 when
427 2957 54 45 he
504 2958 37 44 is
564 2959 243 57 practising
828 2965 20 17 "
866 2960 272 57 lip-reading
1155 2959 21 18 "
1200 2961 48 42 of
1266 2960 117 44 their
1415 2961 170 43 speech.
1651 2962 46 42 It

32 3042 141 29 seems
195 3028 98 43 that
320 3029 75 44 the
419 3031 230 44 memories
689 3047 48 28 or
771 3037 209 39 concepts
1003 3033 48 43 of
1068 3032 144 43 words
1245 3032 104 43 thus
1383 3033 209 43 obtained
1623 3048 71 28 are

31 3101 76 43 the
150 3101 98 44 best
289 3102 199 58 working
539 3104 263 45 substitutes
855 3106 68 42 for
976 3105 75 43 the
1099 3105 400 43 sound-memories
1548 3106 146 42 which

31 3174 205 59 ordinary
272 3176 154 57 people
462 3177 176 58 employ
668 3178 46 43 in
752 3178 74 44 the
860 3192 225 46 processes
1122 3178 44 45 of
1202 3177 219 45 thinking.
1486 3177 125 45 Even
1647 3177 48 45 in
