<?xml version="1.0" encoding="UTF-8"?>
<alto xmlns="http://www.loc.gov/standards/alto/ns-v2#" xmlns:xsi="http://www.w3.org/2001/XMLSchema-instance" xsi:schemaLocation="http://www.loc.gov/standards/alto/ns-v2# http://www.loc.gov/standards/alto/alto.xsd">
  <Description>
    <MeasurementUnit>pixel</MeasurementUnit>
    <sourceImageInformation>
      <fileName>b20392321_abbyy.xml</fileName>
    </sourceImageInformation>
    <OCRProcessing ID="OCR_1">
      <preProcessingStep>
        <processingDateTime>2015-06-16T02:11:33</processingDateTime>
        <processingAgency>intranda GmbH, www.intranda.com</processingAgency>
        <processingSoftware>
          <softwareCreator>intranda GmbH, Germany</softwareCreator>
          <softwareName>intranda OCR Module for TaskManager</softwareName>
          <softwareVersion>1.0r42</softwareVersion>
        </processingSoftware>
      </preProcessingStep>
      <ocrProcessingStep>
        <processingSoftware>
          <softwareCreator>ABBYY (BIT Software), Russia</softwareCreator>
          <softwareName>FineReader Engine</softwareName>
          <softwareVersion>10</softwareVersion>
        </processingSoftware>
      </ocrProcessingStep>
    </OCRProcessing>
  </Description>
  <Layout>
    <Page PHYSICAL_IMG_NR="81" ID="PAGE_81" WIDTH="1933" HEIGHT="3302">
      <TopMargin ID="TopMargin_1" HPOS="288" VPOS="134" WIDTH="1395" HEIGHT="41">
        <TextBlock ID="TextBlock_289" HPOS="288" VPOS="134" WIDTH="1395" HEIGHT="41">
          <TextLine ID="TextLine_3596" HPOS="1634" VPOS="134" WIDTH="49" HEIGHT="38">
            <String ID="Word_31750" HPOS="1634" VPOS="134" WIDTH="49" HEIGHT="38" CONTENT="61" />
          </TextLine>
          <TextLine ID="TextLine_3595" HPOS="288" VPOS="134" WIDTH="1184" HEIGHT="41">
            <String ID="Word_31743" HPOS="288" VPOS="145" WIDTH="170" HEIGHT="30" CONTENT="Prognose" />
            <SP ID="SP_28153" HPOS="458" VPOS="143" WIDTH="25" HEIGHT="0" />
            <String ID="Word_31744" HPOS="483" VPOS="143" WIDTH="54" HEIGHT="29" CONTENT="bei" />
            <SP ID="SP_28154" HPOS="537" VPOS="141" WIDTH="24" HEIGHT="0" />
            <String ID="Word_31745" HPOS="561" VPOS="141" WIDTH="265" HEIGHT="31" CONTENT="Tiiberculösen," />
            <SP ID="SP_28155" HPOS="826" VPOS="138" WIDTH="25" HEIGHT="0" />
            <String ID="Word_31746" HPOS="851" VPOS="138" WIDTH="54" HEIGHT="31" CONTENT="bei" />
            <SP ID="SP_28156" HPOS="905" VPOS="137" WIDTH="25" HEIGHT="0" />
            <String ID="Word_31747" HPOS="930" VPOS="137" WIDTH="214" HEIGHT="31" CONTENT="Reinlection" />
            <SP ID="SP_28157" HPOS="1144" VPOS="136" WIDTH="26" HEIGHT="0" />
            <String ID="Word_31748" HPOS="1170" VPOS="136" WIDTH="69" HEIGHT="30" CONTENT="und" />
            <SP ID="SP_28158" HPOS="1239" VPOS="134" WIDTH="25" HEIGHT="0" />
            <String ID="Word_31749" HPOS="1264" VPOS="134" WIDTH="208" HEIGHT="33" CONTENT="Blutungen." />
          </TextLine>
        </TextBlock>
      </TopMargin>
      <PrintSpace ID="PrintSpace_82" HPOS="70" VPOS="234" WIDTH="1625" HEIGHT="2634">
        <TextBlock ID="TextBlock_288" HPOS="70" VPOS="234" WIDTH="1625" HEIGHT="2634">
          <TextLine ID="TextLine_3597" HPOS="209" VPOS="240" WIDTH="1474" HEIGHT="52">
            <String ID="Word_31751" HPOS="209" VPOS="252" WIDTH="188" HEIGHT="31" CONTENT="Fischer" />
            <SP ID="SP_28159" HPOS="397" VPOS="250" WIDTH="23" HEIGHT="0" />
            <String ID="Word_31752" HPOS="420" VPOS="250" WIDTH="94" HEIGHT="42" CONTENT="giebt" />
            <SP ID="SP_28160" HPOS="514" VPOS="250" WIDTH="23" HEIGHT="0" />
            <String ID="Word_31753" HPOS="537" VPOS="258" WIDTH="57" HEIGHT="21" CONTENT="an:" />
            <SP ID="SP_28161" HPOS="594" VPOS="248" WIDTH="34" HEIGHT="0" />
            <String ID="Word_31754" HPOS="628" VPOS="248" WIDTH="38" HEIGHT="31" CONTENT="Je" />
            <SP ID="SP_28162" HPOS="666" VPOS="248" WIDTH="25" HEIGHT="0" />
            <String ID="Word_31755" HPOS="691" VPOS="248" WIDTH="85" HEIGHT="30" CONTENT="älter" />
            <SP ID="SP_28163" HPOS="776" VPOS="246" WIDTH="24" HEIGHT="0" />
            <String ID="Word_31756" HPOS="800" VPOS="246" WIDTH="59" HEIGHT="31" CONTENT="das" />
            <SP ID="SP_28164" HPOS="859" VPOS="244" WIDTH="25" HEIGHT="0" />
            <String ID="Word_31757" HPOS="884" VPOS="244" WIDTH="170" HEIGHT="32" CONTENT="befallene" />
            <SP ID="SP_28165" HPOS="1054" VPOS="243" WIDTH="24" HEIGHT="0" />
            <String ID="Word_31758" HPOS="1078" VPOS="243" WIDTH="232" HEIGHT="39" CONTENT="Individuum," />
            <SP ID="SP_28166" HPOS="1310" VPOS="243" WIDTH="19" HEIGHT="0" />
            <String ID="Word_31759" HPOS="1329" VPOS="244" WIDTH="37" HEIGHT="40" CONTENT="je" />
            <SP ID="SP_28167" HPOS="1366" VPOS="240" WIDTH="24" HEIGHT="0" />
            <String ID="Word_31760" HPOS="1390" VPOS="240" WIDTH="200" HEIGHT="42" CONTENT="decrepider" />
            <SP ID="SP_28168" HPOS="1590" VPOS="240" WIDTH="24" HEIGHT="0" />
            <String ID="Word_31761" HPOS="1614" VPOS="240" WIDTH="69" HEIGHT="31" CONTENT="und" />
          </TextLine>
          <TextLine ID="TextLine_3598" HPOS="80" VPOS="283" WIDTH="1604" HEIGHT="44">
            <String ID="Word_31762" HPOS="80" VPOS="304" WIDTH="247" HEIGHT="23" CONTENT="cacliectischer" />
            <SP ID="SP_28169" HPOS="327" VPOS="293" WIDTH="25" HEIGHT="0" />
            <String ID="Word_31763" HPOS="352" VPOS="293" WIDTH="156" HEIGHT="32" CONTENT="dasselbe" />
            <SP ID="SP_28170" HPOS="508" VPOS="292" WIDTH="23" HEIGHT="0" />
            <String ID="Word_31764" HPOS="531" VPOS="292" WIDTH="124" HEIGHT="30" CONTENT="bereits" />
            <SP ID="SP_28171" HPOS="655" VPOS="292" WIDTH="26" HEIGHT="0" />
            <String ID="Word_31765" HPOS="681" VPOS="300" WIDTH="61" HEIGHT="20" CONTENT="vor" />
            <SP ID="SP_28172" HPOS="742" VPOS="290" WIDTH="24" HEIGHT="0" />
            <String ID="Word_31766" HPOS="766" VPOS="290" WIDTH="74" HEIGHT="30" CONTENT="dem" />
            <SP ID="SP_28173" HPOS="840" VPOS="287" WIDTH="19" HEIGHT="0" />
            <String ID="Word_31767" HPOS="859" VPOS="287" WIDTH="203" HEIGHT="32" CONTENT="Ausbruche" />
            <SP ID="SP_28174" HPOS="1062" VPOS="287" WIDTH="18" HEIGHT="0" />
            <String ID="Word_31768" HPOS="1080" VPOS="287" WIDTH="58" HEIGHT="30" CONTENT="des" />
            <SP ID="SP_28175" HPOS="1138" VPOS="286" WIDTH="18" HEIGHT="0" />
            <String ID="Word_31769" HPOS="1156" VPOS="286" WIDTH="307" HEIGHT="40" CONTENT="Hospitalbrandes" />
            <SP ID="SP_28176" HPOS="1463" VPOS="286" WIDTH="18" HEIGHT="0" />
            <String ID="Word_31770" HPOS="1481" VPOS="294" WIDTH="81" HEIGHT="30" CONTENT="war," />
            <SP ID="SP_28177" HPOS="1562" VPOS="283" WIDTH="25" HEIGHT="0" />
            <String ID="Word_31771" HPOS="1587" VPOS="283" WIDTH="97" HEIGHT="32" CONTENT="desto" />
          </TextLine>
          <TextLine ID="TextLine_3599" HPOS="79" VPOS="329" WIDTH="1605" HEIGHT="50">
            <String ID="Word_31772" HPOS="79" VPOS="339" WIDTH="231" HEIGHT="40" CONTENT="gefährlicher" />
            <SP ID="SP_28178" HPOS="310" VPOS="339" WIDTH="24" HEIGHT="0" />
            <String ID="Word_31773" HPOS="334" VPOS="339" WIDTH="44" HEIGHT="29" CONTENT="ist" />
            <SP ID="SP_28179" HPOS="378" VPOS="337" WIDTH="24" HEIGHT="0" />
            <String ID="Word_31774" HPOS="402" VPOS="337" WIDTH="53" HEIGHT="30" CONTENT="die" />
            <SP ID="SP_28180" HPOS="455" VPOS="334" WIDTH="25" HEIGHT="0" />
            <String ID="Word_31775" HPOS="480" VPOS="334" WIDTH="445" HEIGHT="40" CONTENT="Hospitalbraiidinlection," />
            <SP ID="SP_28181" HPOS="925" VPOS="331" WIDTH="24" HEIGHT="0" />
            <String ID="Word_31776" HPOS="949" VPOS="331" WIDTH="96" HEIGHT="30" CONTENT="desto" />
            <SP ID="SP_28182" HPOS="1045" VPOS="330" WIDTH="25" HEIGHT="0" />
            <String ID="Word_31777" HPOS="1070" VPOS="330" WIDTH="149" HEIGHT="30" CONTENT="sicherer" />
            <SP ID="SP_28183" HPOS="1219" VPOS="330" WIDTH="25" HEIGHT="0" />
            <String ID="Word_31778" HPOS="1244" VPOS="330" WIDTH="59" HEIGHT="30" CONTENT="der" />
            <SP ID="SP_28184" HPOS="1303" VPOS="330" WIDTH="25" HEIGHT="0" />
            <String ID="Word_31779" HPOS="1328" VPOS="330" WIDTH="166" HEIGHT="31" CONTENT="lödtliche" />
            <SP ID="SP_28185" HPOS="1494" VPOS="329" WIDTH="13" HEIGHT="0" />
            <String ID="Word_31780" HPOS="1507" VPOS="329" WIDTH="177" HEIGHT="39" CONTENT="Ausgang." />
          </TextLine>
          <TextLine ID="TextLine_3600" HPOS="79" VPOS="371" WIDTH="1607" HEIGHT="45">
            <String ID="Word_31781" HPOS="79" VPOS="382" WIDTH="64" HEIGHT="30" CONTENT="Die" />
            <SP ID="SP_28186" HPOS="143" VPOS="382" WIDTH="17" HEIGHT="0" />
            <String ID="Word_31782" HPOS="160" VPOS="382" WIDTH="252" HEIGHT="30" CONTENT="Verstorbenen" />
            <SP ID="SP_28187" HPOS="412" VPOS="382" WIDTH="16" HEIGHT="0" />
            <String ID="Word_31783" HPOS="428" VPOS="388" WIDTH="112" HEIGHT="21" CONTENT="waren" />
            <SP ID="SP_28188" HPOS="540" VPOS="380" WIDTH="28" HEIGHT="0" />
            <String ID="Word_31784" HPOS="568" VPOS="380" WIDTH="65" HEIGHT="28" CONTENT="last" />
            <SP ID="SP_28189" HPOS="633" VPOS="377" WIDTH="24" HEIGHT="0" />
            <String ID="Word_31785" HPOS="657" VPOS="377" WIDTH="185" HEIGHT="39" CONTENT="durchweg" />
            <SP ID="SP_28190" HPOS="842" VPOS="374" WIDTH="24" HEIGHT="0" />
            <String ID="Word_31786" HPOS="866" VPOS="374" WIDTH="232" HEIGHT="40" CONTENT="scropliulöse," />
            <SP ID="SP_28191" HPOS="1098" VPOS="372" WIDTH="25" HEIGHT="0" />
            <String ID="Word_31787" HPOS="1123" VPOS="372" WIDTH="217" HEIGHT="31" CONTENT="tuberculöse" />
            <SP ID="SP_28192" HPOS="1340" VPOS="372" WIDTH="25" HEIGHT="0" />
            <String ID="Word_31788" HPOS="1365" VPOS="373" WIDTH="69" HEIGHT="31" CONTENT="und" />
            <SP ID="SP_28193" HPOS="1434" VPOS="372" WIDTH="18" HEIGHT="0" />
            <String ID="Word_31789" HPOS="1452" VPOS="372" WIDTH="107" HEIGHT="31" CONTENT="durch" />
            <SP ID="SP_28194" HPOS="1559" VPOS="371" WIDTH="25" HEIGHT="0" />
            <String ID="Word_31790" HPOS="1584" VPOS="371" WIDTH="102" HEIGHT="40" CONTENT="lange" />
          </TextLine>
          <TextLine ID="TextLine_3601" HPOS="80" VPOS="415" WIDTH="1605" HEIGHT="49">
            <String ID="Word_31791" HPOS="80" VPOS="426" WIDTH="207" HEIGHT="30" CONTENT="Eiterungen" />
            <SP ID="SP_28195" HPOS="287" VPOS="423" WIDTH="33" HEIGHT="0" />
            <String ID="Word_31792" HPOS="320" VPOS="423" WIDTH="111" HEIGHT="31" CONTENT="sieche" />
            <SP ID="SP_28196" HPOS="431" VPOS="420" WIDTH="24" HEIGHT="0" />
            <String ID="Word_31793" HPOS="455" VPOS="420" WIDTH="220" HEIGHT="32" CONTENT="Individuen," />
            <SP ID="SP_28197" HPOS="675" VPOS="420" WIDTH="33" HEIGHT="0" />
            <String ID="Word_31794" HPOS="708" VPOS="420" WIDTH="83" HEIGHT="30" CONTENT="oder" />
            <SP ID="SP_28198" HPOS="791" VPOS="420" WIDTH="30" HEIGHT="0" />
            <String ID="Word_31795" HPOS="821" VPOS="428" WIDTH="33" HEIGHT="21" CONTENT="es" />
            <SP ID="SP_28199" HPOS="854" VPOS="428" WIDTH="25" HEIGHT="0" />
            <String ID="Word_31796" HPOS="879" VPOS="428" WIDTH="115" HEIGHT="20" CONTENT="waren" />
            <SP ID="SP_28200" HPOS="994" VPOS="417" WIDTH="31" HEIGHT="0" />
            <String ID="Word_31797" HPOS="1025" VPOS="420" WIDTH="84" HEIGHT="36" CONTENT="alte," />
            <SP ID="SP_28201" HPOS="1109" VPOS="416" WIDTH="33" HEIGHT="0" />
            <String ID="Word_31798" HPOS="1142" VPOS="416" WIDTH="178" HEIGHT="31" CONTENT="schwache" />
            <SP ID="SP_28202" HPOS="1320" VPOS="416" WIDTH="30" HEIGHT="0" />
            <String ID="Word_31799" HPOS="1350" VPOS="416" WIDTH="112" HEIGHT="30" CONTENT="Leute." />
            <SP ID="SP_28203" HPOS="1462" VPOS="415" WIDTH="49" HEIGHT="0" />
            <String ID="Word_31800" HPOS="1511" VPOS="415" WIDTH="85" HEIGHT="30" CONTENT="Dass" />
            <SP ID="SP_28204" HPOS="1596" VPOS="415" WIDTH="34" HEIGHT="0" />
            <String ID="Word_31801" HPOS="1630" VPOS="416" WIDTH="55" HEIGHT="28" CONTENT="ein" />
          </TextLine>
          <TextLine ID="TextLine_3602" HPOS="76" VPOS="457" WIDTH="1609" HEIGHT="52">
            <String ID="Word_31802" HPOS="76" VPOS="470" WIDTH="136" HEIGHT="39" CONTENT="junger," />
            <SP ID="SP_28205" HPOS="212" VPOS="468" WIDTH="24" HEIGHT="0" />
            <String ID="Word_31803" HPOS="236" VPOS="468" WIDTH="165" HEIGHT="29" CONTENT="kräftiger" />
            <SP ID="SP_28206" HPOS="401" VPOS="464" WIDTH="19" HEIGHT="0" />
            <String ID="Word_31804" HPOS="420" VPOS="464" WIDTH="132" HEIGHT="31" CONTENT="Mensch" />
            <SP ID="SP_28207" HPOS="552" VPOS="463" WIDTH="26" HEIGHT="0" />
            <String ID="Word_31805" HPOS="578" VPOS="463" WIDTH="76" HEIGHT="31" CONTENT="dem" />
            <SP ID="SP_28208" HPOS="654" VPOS="461" WIDTH="29" HEIGHT="0" />
            <String ID="Word_31806" HPOS="683" VPOS="461" WIDTH="284" HEIGHT="42" CONTENT="Ilospitalbrande" />
            <SP ID="SP_28209" HPOS="967" VPOS="460" WIDTH="25" HEIGHT="0" />
            <String ID="Word_31807" HPOS="992" VPOS="461" WIDTH="196" HEIGHT="39" CONTENT="unterliegt," />
            <SP ID="SP_28210" HPOS="1188" VPOS="459" WIDTH="23" HEIGHT="0" />
            <String ID="Word_31808" HPOS="1211" VPOS="459" WIDTH="123" HEIGHT="41" CONTENT="gehört" />
            <SP ID="SP_28211" HPOS="1334" VPOS="459" WIDTH="17" HEIGHT="0" />
            <String ID="Word_31809" HPOS="1351" VPOS="459" WIDTH="185" HEIGHT="30" CONTENT="immerhin" />
            <SP ID="SP_28212" HPOS="1536" VPOS="459" WIDTH="25" HEIGHT="0" />
            <String ID="Word_31810" HPOS="1561" VPOS="468" WIDTH="41" HEIGHT="20" CONTENT="zu" />
            <SP ID="SP_28213" HPOS="1602" VPOS="457" WIDTH="17" HEIGHT="0" />
            <String ID="Word_31811" HPOS="1619" VPOS="457" WIDTH="66" HEIGHT="31" CONTENT="den" />
          </TextLine>
          <TextLine ID="TextLine_3603" HPOS="81" VPOS="500" WIDTH="1606" HEIGHT="45">
            <String ID="Word_31812" HPOS="81" VPOS="511" WIDTH="242" HEIGHT="31" CONTENT="Seltenheiten." />
            <SP ID="SP_28214" HPOS="323" VPOS="509" WIDTH="48" HEIGHT="0" />
            <String ID="Word_31813" HPOS="371" VPOS="509" WIDTH="102" HEIGHT="30" CONTENT="Unter" />
            <SP ID="SP_28215" HPOS="473" VPOS="507" WIDTH="32" HEIGHT="0" />
            <String ID="Word_31814" HPOS="505" VPOS="507" WIDTH="65" HEIGHT="30" CONTENT="den" />
            <SP ID="SP_28216" HPOS="570" VPOS="507" WIDTH="23" HEIGHT="0" />
            <String ID="Word_31815" HPOS="593" VPOS="507" WIDTH="41" HEIGHT="31" CONTENT="56" />
            <SP ID="SP_28217" HPOS="634" VPOS="507" WIDTH="33" HEIGHT="0" />
            <String ID="Word_31816" HPOS="667" VPOS="515" WIDTH="55" HEIGHT="21" CONTENT="am" />
            <SP ID="SP_28218" HPOS="722" VPOS="504" WIDTH="25" HEIGHT="0" />
            <String ID="Word_31817" HPOS="747" VPOS="504" WIDTH="267" HEIGHT="32" CONTENT="Hospitalbrand" />
            <SP ID="SP_28219" HPOS="1014" VPOS="503" WIDTH="30" HEIGHT="0" />
            <String ID="Word_31818" HPOS="1044" VPOS="503" WIDTH="214" HEIGHT="31" CONTENT="Erkrankten" />
            <SP ID="SP_28220" HPOS="1258" VPOS="503" WIDTH="25" HEIGHT="0" />
            <String ID="Word_31819" HPOS="1283" VPOS="511" WIDTH="115" HEIGHT="21" CONTENT="waren" />
            <SP ID="SP_28221" HPOS="1398" VPOS="503" WIDTH="24" HEIGHT="0" />
            <String ID="Word_31820" HPOS="1422" VPOS="503" WIDTH="21" HEIGHT="31" CONTENT="4" />
            <SP ID="SP_28222" HPOS="1443" VPOS="502" WIDTH="30" HEIGHT="0" />
            <String ID="Word_31821" HPOS="1473" VPOS="502" WIDTH="88" HEIGHT="30" CONTENT="noch" />
            <SP ID="SP_28223" HPOS="1561" VPOS="500" WIDTH="30" HEIGHT="0" />
            <String ID="Word_31822" HPOS="1591" VPOS="504" WIDTH="96" HEIGHT="27" CONTENT="nicht" />
          </TextLine>
          <TextLine ID="TextLine_3604" HPOS="81" VPOS="545" WIDTH="1606" HEIGHT="42">
            <String ID="Word_31823" HPOS="81" VPOS="554" WIDTH="41" HEIGHT="32" CONTENT="20" />
            <SP ID="SP_28224" HPOS="122" VPOS="553" WIDTH="23" HEIGHT="0" />
            <String ID="Word_31824" HPOS="145" VPOS="553" WIDTH="102" HEIGHT="31" CONTENT="Jahre" />
            <SP ID="SP_28225" HPOS="247" VPOS="553" WIDTH="33" HEIGHT="0" />
            <String ID="Word_31825" HPOS="280" VPOS="556" WIDTH="56" HEIGHT="26" CONTENT="alt." />
            <SP ID="SP_28226" HPOS="336" VPOS="551" WIDTH="47" HEIGHT="0" />
            <String ID="Word_31826" HPOS="383" VPOS="551" WIDTH="74" HEIGHT="30" CONTENT="Von" />
            <SP ID="SP_28227" HPOS="457" VPOS="550" WIDTH="25" HEIGHT="0" />
            <String ID="Word_31827" HPOS="482" VPOS="550" WIDTH="115" HEIGHT="30" CONTENT="diesen" />
            <SP ID="SP_28228" HPOS="597" VPOS="550" WIDTH="26" HEIGHT="0" />
            <String ID="Word_31828" HPOS="623" VPOS="550" WIDTH="92" HEIGHT="30" CONTENT="starb" />
            <SP ID="SP_28229" HPOS="715" VPOS="550" WIDTH="26" HEIGHT="0" />
            <String ID="Word_31829" HPOS="741" VPOS="558" WIDTH="109" HEIGHT="21" CONTENT="einer," />
            <SP ID="SP_28230" HPOS="850" VPOS="548" WIDTH="33" HEIGHT="0" />
            <String ID="Word_31830" HPOS="883" VPOS="548" WIDTH="71" HEIGHT="30" CONTENT="also" />
            <SP ID="SP_28231" HPOS="954" VPOS="548" WIDTH="27" HEIGHT="0" />
            <String ID="Word_31831" HPOS="981" VPOS="548" WIDTH="40" HEIGHT="31" CONTENT="25" />
            <SP ID="SP_28232" HPOS="1021" VPOS="545" WIDTH="14" HEIGHT="0" />
            <String ID="Word_31832" HPOS="1035" VPOS="545" WIDTH="55" HEIGHT="40" CONTENT="7»;" />
            <SP ID="SP_28233" HPOS="1090" VPOS="545" WIDTH="38" HEIGHT="0" />
            <String ID="Word_31833" HPOS="1128" VPOS="547" WIDTH="39" HEIGHT="31" CONTENT="12" />
            <SP ID="SP_28234" HPOS="1167" VPOS="547" WIDTH="25" HEIGHT="0" />
            <String ID="Word_31834" HPOS="1192" VPOS="554" WIDTH="114" HEIGHT="21" CONTENT="waren" />
            <SP ID="SP_28235" HPOS="1306" VPOS="546" WIDTH="31" HEIGHT="0" />
            <String ID="Word_31835" HPOS="1337" VPOS="546" WIDTH="34" HEIGHT="29" CONTENT="in" />
            <SP ID="SP_28236" HPOS="1371" VPOS="545" WIDTH="33" HEIGHT="0" />
            <String ID="Word_31836" HPOS="1404" VPOS="545" WIDTH="64" HEIGHT="31" CONTENT="den" />
            <SP ID="SP_28237" HPOS="1468" VPOS="545" WIDTH="27" HEIGHT="0" />
            <String ID="Word_31837" HPOS="1495" VPOS="553" WIDTH="192" HEIGHT="30" CONTENT="zwanziger" />
          </TextLine>
          <TextLine ID="TextLine_3605" HPOS="80" VPOS="588" WIDTH="1606" HEIGHT="46">
            <String ID="Word_31838" HPOS="80" VPOS="596" WIDTH="138" HEIGHT="31" CONTENT="Jahren," />
            <SP ID="SP_28238" HPOS="218" VPOS="596" WIDTH="25" HEIGHT="0" />
            <String ID="Word_31839" HPOS="243" VPOS="596" WIDTH="110" HEIGHT="30" CONTENT="davon" />
            <SP ID="SP_28239" HPOS="353" VPOS="595" WIDTH="25" HEIGHT="0" />
            <String ID="Word_31840" HPOS="378" VPOS="595" WIDTH="93" HEIGHT="29" CONTENT="starb" />
            <SP ID="SP_28240" HPOS="471" VPOS="594" WIDTH="26" HEIGHT="0" />
            <String ID="Word_31841" HPOS="497" VPOS="594" WIDTH="102" HEIGHT="29" CONTENT="einer," />
            <SP ID="SP_28241" HPOS="599" VPOS="592" WIDTH="24" HEIGHT="0" />
            <String ID="Word_31842" HPOS="623" VPOS="600" WIDTH="72" HEIGHT="23" CONTENT="also" />
            <SP ID="SP_28242" HPOS="695" VPOS="590" WIDTH="25" HEIGHT="0" />
            <String ID="Word_31843" HPOS="720" VPOS="590" WIDTH="143" HEIGHT="40" CONTENT="8,33%;" />
            <SP ID="SP_28243" HPOS="863" VPOS="590" WIDTH="24" HEIGHT="0" />
            <String ID="Word_31844" HPOS="887" VPOS="591" WIDTH="19" HEIGHT="32" CONTENT="6" />
            <SP ID="SP_28244" HPOS="906" VPOS="590" WIDTH="24" HEIGHT="0" />
            <String ID="Word_31845" HPOS="930" VPOS="590" WIDTH="170" HEIGHT="31" CONTENT="befanden" />
            <SP ID="SP_28245" HPOS="1100" VPOS="589" WIDTH="26" HEIGHT="0" />
            <String ID="Word_31846" HPOS="1126" VPOS="589" WIDTH="70" HEIGHT="30" CONTENT="sich" />
            <SP ID="SP_28246" HPOS="1196" VPOS="589" WIDTH="18" HEIGHT="0" />
            <String ID="Word_31847" HPOS="1214" VPOS="590" WIDTH="35" HEIGHT="29" CONTENT="in" />
            <SP ID="SP_28247" HPOS="1249" VPOS="588" WIDTH="18" HEIGHT="0" />
            <String ID="Word_31848" HPOS="1267" VPOS="588" WIDTH="65" HEIGHT="31" CONTENT="den" />
            <SP ID="SP_28248" HPOS="1332" VPOS="588" WIDTH="19" HEIGHT="0" />
            <String ID="Word_31849" HPOS="1351" VPOS="588" WIDTH="184" HEIGHT="41" CONTENT="dreissiger" />
            <SP ID="SP_28249" HPOS="1535" VPOS="588" WIDTH="12" HEIGHT="0" />
            <String ID="Word_31850" HPOS="1547" VPOS="588" WIDTH="139" HEIGHT="35" CONTENT="Jahren," />
          </TextLine>
          <TextLine ID="TextLine_3606" HPOS="82" VPOS="630" WIDTH="1605" HEIGHT="45">
            <String ID="Word_31851" HPOS="82" VPOS="640" WIDTH="112" HEIGHT="30" CONTENT="davon" />
            <SP ID="SP_28250" HPOS="194" VPOS="640" WIDTH="18" HEIGHT="0" />
            <String ID="Word_31852" HPOS="212" VPOS="640" WIDTH="93" HEIGHT="29" CONTENT="starb" />
            <SP ID="SP_28251" HPOS="305" VPOS="639" WIDTH="19" HEIGHT="0" />
            <String ID="Word_31853" HPOS="324" VPOS="639" WIDTH="103" HEIGHT="29" CONTENT="einer," />
            <SP ID="SP_28252" HPOS="427" VPOS="637" WIDTH="25" HEIGHT="0" />
            <String ID="Word_31854" HPOS="452" VPOS="645" WIDTH="70" HEIGHT="21" CONTENT="also" />
            <SP ID="SP_28253" HPOS="522" VPOS="635" WIDTH="20" HEIGHT="0" />
            <String ID="Word_31855" HPOS="542" VPOS="635" WIDTH="72" HEIGHT="39" CONTENT="16,6" />
            <SP ID="SP_28254" HPOS="614" VPOS="633" WIDTH="13" HEIGHT="0" />
            <String ID="Word_31856" HPOS="627" VPOS="633" WIDTH="55" HEIGHT="41" CONTENT="%;" />
            <SP ID="SP_28255" HPOS="682" VPOS="633" WIDTH="26" HEIGHT="0" />
            <String ID="Word_31857" HPOS="708" VPOS="635" WIDTH="39" HEIGHT="32" CONTENT="12" />
            <SP ID="SP_28256" HPOS="747" VPOS="635" WIDTH="17" HEIGHT="0" />
            <String ID="Word_31858" HPOS="764" VPOS="644" WIDTH="113" HEIGHT="21" CONTENT="waren" />
            <SP ID="SP_28257" HPOS="877" VPOS="635" WIDTH="17" HEIGHT="0" />
            <String ID="Word_31859" HPOS="894" VPOS="635" WIDTH="34" HEIGHT="29" CONTENT="in" />
            <SP ID="SP_28258" HPOS="928" VPOS="635" WIDTH="19" HEIGHT="0" />
            <String ID="Word_31860" HPOS="947" VPOS="635" WIDTH="63" HEIGHT="29" CONTENT="den" />
            <SP ID="SP_28259" HPOS="1010" VPOS="634" WIDTH="20" HEIGHT="0" />
            <String ID="Word_31861" HPOS="1030" VPOS="643" WIDTH="166" HEIGHT="30" CONTENT="vierziger" />
            <SP ID="SP_28260" HPOS="1196" VPOS="632" WIDTH="16" HEIGHT="0" />
            <String ID="Word_31862" HPOS="1212" VPOS="632" WIDTH="140" HEIGHT="38" CONTENT="Jahren," />
            <SP ID="SP_28261" HPOS="1352" VPOS="631" WIDTH="17" HEIGHT="0" />
            <String ID="Word_31863" HPOS="1369" VPOS="631" WIDTH="111" HEIGHT="31" CONTENT="davon" />
            <SP ID="SP_28262" HPOS="1480" VPOS="631" WIDTH="20" HEIGHT="0" />
            <String ID="Word_31864" HPOS="1500" VPOS="632" WIDTH="137" HEIGHT="30" CONTENT="starben" />
            <SP ID="SP_28263" HPOS="1637" VPOS="630" WIDTH="19" HEIGHT="0" />
            <String ID="Word_31865" HPOS="1656" VPOS="630" WIDTH="31" HEIGHT="38" CONTENT="2," />
          </TextLine>
          <TextLine ID="TextLine_3607" HPOS="82" VPOS="672" WIDTH="1604" HEIGHT="49">
            <String ID="Word_31866" HPOS="82" VPOS="682" WIDTH="72" HEIGHT="30" CONTENT="also" />
            <SP ID="SP_28264" HPOS="154" VPOS="681" WIDTH="18" HEIGHT="0" />
            <String ID="Word_31867" HPOS="172" VPOS="681" WIDTH="71" HEIGHT="40" CONTENT="16,6" />
            <SP ID="SP_28265" HPOS="243" VPOS="679" WIDTH="13" HEIGHT="0" />
            <String ID="Word_31868" HPOS="256" VPOS="679" WIDTH="54" HEIGHT="42" CONTENT="&quot;/o;" />
            <SP ID="SP_28266" HPOS="310" VPOS="679" WIDTH="25" HEIGHT="0" />
            <String ID="Word_31869" HPOS="335" VPOS="681" WIDTH="39" HEIGHT="31" CONTENT="10" />
            <SP ID="SP_28267" HPOS="374" VPOS="681" WIDTH="24" HEIGHT="0" />
            <String ID="Word_31870" HPOS="398" VPOS="689" WIDTH="112" HEIGHT="20" CONTENT="waren" />
            <SP ID="SP_28268" HPOS="510" VPOS="680" WIDTH="25" HEIGHT="0" />
            <String ID="Word_31871" HPOS="535" VPOS="680" WIDTH="34" HEIGHT="28" CONTENT="in" />
            <SP ID="SP_28269" HPOS="569" VPOS="678" WIDTH="26" HEIGHT="0" />
            <String ID="Word_31872" HPOS="595" VPOS="678" WIDTH="64" HEIGHT="31" CONTENT="den" />
            <SP ID="SP_28270" HPOS="659" VPOS="678" WIDTH="28" HEIGHT="0" />
            <String ID="Word_31873" HPOS="687" VPOS="679" WIDTH="168" HEIGHT="39" CONTENT="fünfziger" />
            <SP ID="SP_28271" HPOS="855" VPOS="677" WIDTH="16" HEIGHT="0" />
            <String ID="Word_31874" HPOS="871" VPOS="677" WIDTH="138" HEIGHT="38" CONTENT="Jahren," />
            <SP ID="SP_28272" HPOS="1009" VPOS="676" WIDTH="26" HEIGHT="0" />
            <String ID="Word_31875" HPOS="1035" VPOS="676" WIDTH="111" HEIGHT="30" CONTENT="davon" />
            <SP ID="SP_28273" HPOS="1146" VPOS="676" WIDTH="27" HEIGHT="0" />
            <String ID="Word_31876" HPOS="1173" VPOS="676" WIDTH="135" HEIGHT="30" CONTENT="starben" />
            <SP ID="SP_28274" HPOS="1308" VPOS="675" WIDTH="27" HEIGHT="0" />
            <String ID="Word_31877" HPOS="1335" VPOS="675" WIDTH="29" HEIGHT="40" CONTENT="2," />
            <SP ID="SP_28275" HPOS="1364" VPOS="675" WIDTH="25" HEIGHT="0" />
            <String ID="Word_31878" HPOS="1389" VPOS="675" WIDTH="72" HEIGHT="30" CONTENT="also" />
            <SP ID="SP_28276" HPOS="1461" VPOS="675" WIDTH="26" HEIGHT="0" />
            <String ID="Word_31879" HPOS="1487" VPOS="675" WIDTH="40" HEIGHT="31" CONTENT="20" />
            <SP ID="SP_28277" HPOS="1527" VPOS="672" WIDTH="12" HEIGHT="0" />
            <String ID="Word_31880" HPOS="1539" VPOS="672" WIDTH="55" HEIGHT="43" CONTENT="&quot;/o;" />
            <SP ID="SP_28278" HPOS="1594" VPOS="672" WIDTH="25" HEIGHT="0" />
            <String ID="Word_31881" HPOS="1619" VPOS="682" WIDTH="67" HEIGHT="22" CONTENT="von" />
          </TextLine>
          <TextLine ID="TextLine_3608" HPOS="82" VPOS="717" WIDTH="1605" HEIGHT="46">
            <String ID="Word_31882" HPOS="82" VPOS="725" WIDTH="19" HEIGHT="32" CONTENT="6" />
            <SP ID="SP_28279" HPOS="101" VPOS="725" WIDTH="31" HEIGHT="0" />
            <String ID="Word_31883" HPOS="132" VPOS="726" WIDTH="36" HEIGHT="30" CONTENT="in" />
            <SP ID="SP_28280" HPOS="168" VPOS="724" WIDTH="30" HEIGHT="0" />
            <String ID="Word_31884" HPOS="198" VPOS="724" WIDTH="65" HEIGHT="30" CONTENT="den" />
            <SP ID="SP_28281" HPOS="263" VPOS="723" WIDTH="32" HEIGHT="0" />
            <String ID="Word_31885" HPOS="295" VPOS="723" WIDTH="189" HEIGHT="30" CONTENT="sechsziger" />
            <SP ID="SP_28282" HPOS="484" VPOS="722" WIDTH="23" HEIGHT="0" />
            <String ID="Word_31886" HPOS="507" VPOS="722" WIDTH="125" HEIGHT="30" CONTENT="Jahren" />
            <SP ID="SP_28283" HPOS="632" VPOS="722" WIDTH="34" HEIGHT="0" />
            <String ID="Word_31887" HPOS="666" VPOS="722" WIDTH="93" HEIGHT="29" CONTENT="starb" />
            <SP ID="SP_28284" HPOS="759" VPOS="722" WIDTH="32" HEIGHT="0" />
            <String ID="Word_31888" HPOS="791" VPOS="730" WIDTH="106" HEIGHT="21" CONTENT="einer," />
            <SP ID="SP_28285" HPOS="897" VPOS="720" WIDTH="38" HEIGHT="0" />
            <String ID="Word_31889" HPOS="935" VPOS="728" WIDTH="71" HEIGHT="22" CONTENT="also" />
            <SP ID="SP_28286" HPOS="1006" VPOS="719" WIDTH="28" HEIGHT="0" />
            <String ID="Word_31890" HPOS="1034" VPOS="719" WIDTH="72" HEIGHT="39" CONTENT="16,6" />
            <SP ID="SP_28287" HPOS="1106" VPOS="717" WIDTH="13" HEIGHT="0" />
            <String ID="Word_31891" HPOS="1119" VPOS="717" WIDTH="55" HEIGHT="42" CONTENT="&quot;/o;" />
            <SP ID="SP_28288" HPOS="1174" VPOS="717" WIDTH="34" HEIGHT="0" />
            <String ID="Word_31892" HPOS="1208" VPOS="728" WIDTH="64" HEIGHT="21" CONTENT="^on" />
            <SP ID="SP_28289" HPOS="1272" VPOS="718" WIDTH="35" HEIGHT="0" />
            <String ID="Word_31893" HPOS="1307" VPOS="718" WIDTH="18" HEIGHT="33" CONTENT="6" />
            <SP ID="SP_28290" HPOS="1325" VPOS="718" WIDTH="30" HEIGHT="0" />
            <String ID="Word_31894" HPOS="1355" VPOS="720" WIDTH="35" HEIGHT="29" CONTENT="in" />
            <SP ID="SP_28291" HPOS="1390" VPOS="718" WIDTH="32" HEIGHT="0" />
            <String ID="Word_31895" HPOS="1422" VPOS="718" WIDTH="65" HEIGHT="30" CONTENT="den" />
            <SP ID="SP_28292" HPOS="1487" VPOS="718" WIDTH="31" HEIGHT="0" />
            <String ID="Word_31896" HPOS="1518" VPOS="718" WIDTH="169" HEIGHT="40" CONTENT="siebziger" />
          </TextLine>
          <TextLine ID="TextLine_3609" HPOS="81" VPOS="762" WIDTH="598" HEIGHT="40">
            <String ID="Word_31897" HPOS="81" VPOS="768" WIDTH="126" HEIGHT="31" CONTENT="Jahren" />
            <SP ID="SP_28293" HPOS="207" VPOS="767" WIDTH="24" HEIGHT="0" />
            <String ID="Word_31898" HPOS="231" VPOS="767" WIDTH="137" HEIGHT="29" CONTENT="starben" />
            <SP ID="SP_28294" HPOS="368" VPOS="765" WIDTH="24" HEIGHT="0" />
            <String ID="Word_31899" HPOS="392" VPOS="765" WIDTH="29" HEIGHT="37" CONTENT="2," />
            <SP ID="SP_28295" HPOS="421" VPOS="765" WIDTH="25" HEIGHT="0" />
            <String ID="Word_31900" HPOS="446" VPOS="773" WIDTH="72" HEIGHT="22" CONTENT="also" />
            <SP ID="SP_28296" HPOS="518" VPOS="764" WIDTH="25" HEIGHT="0" />
            <String ID="Word_31901" HPOS="543" VPOS="764" WIDTH="74" HEIGHT="38" CONTENT="33,3" />
            <SP ID="SP_28297" HPOS="617" VPOS="762" WIDTH="12" HEIGHT="0" />
            <String ID="Word_31902" HPOS="629" VPOS="762" WIDTH="50" HEIGHT="40" CONTENT="7«-" />
          </TextLine>
          <TextLine ID="TextLine_3610" HPOS="210" VPOS="846" WIDTH="1475" HEIGHT="45">
            <String ID="Word_31903" HPOS="210" VPOS="852" WIDTH="129" HEIGHT="39" CONTENT="Ueber" />
            <SP ID="SP_28298" HPOS="339" VPOS="851" WIDTH="29" HEIGHT="0" />
            <String ID="Word_31904" HPOS="368" VPOS="851" WIDTH="73" HEIGHT="38" CONTENT="den" />
            <SP ID="SP_28299" HPOS="441" VPOS="850" WIDTH="28" HEIGHT="0" />
            <String ID="Word_31905" HPOS="469" VPOS="850" WIDTH="168" HEIGHT="38" CONTENT="Einfluss" />
            <SP ID="SP_28300" HPOS="637" VPOS="850" WIDTH="31" HEIGHT="0" />
            <String ID="Word_31906" HPOS="668" VPOS="850" WIDTH="210" HEIGHT="38" CONTENT="ererbter" />
            <SP ID="SP_28301" HPOS="878" VPOS="850" WIDTH="30" HEIGHT="0" />
            <String ID="Word_31907" HPOS="908" VPOS="850" WIDTH="106" HEIGHT="37" CONTENT="oder" />
            <SP ID="SP_28302" HPOS="1014" VPOS="848" WIDTH="41" HEIGHT="0" />
            <String ID="Word_31908" HPOS="1055" VPOS="848" WIDTH="296" HEIGHT="38" CONTENT="erworbener" />
            <SP ID="SP_28303" HPOS="1351" VPOS="846" WIDTH="30" HEIGHT="0" />
            <String ID="Word_31909" HPOS="1381" VPOS="846" WIDTH="304" HEIGHT="39" CONTENT="constitutio-" />
          </TextLine>
          <TextLine ID="TextLine_3611" HPOS="82" VPOS="901" WIDTH="1607" HEIGHT="48">
            <String ID="Word_31910" HPOS="82" VPOS="906" WIDTH="146" HEIGHT="38" CONTENT="neller" />
            <SP ID="SP_28304" HPOS="228" VPOS="905" WIDTH="39" HEIGHT="0" />
            <String ID="Word_31911" HPOS="267" VPOS="905" WIDTH="338" HEIGHT="38" CONTENT="Krankheiten," />
            <SP ID="SP_28305" HPOS="605" VPOS="904" WIDTH="46" HEIGHT="0" />
            <String ID="Word_31912" HPOS="651" VPOS="904" WIDTH="207" HEIGHT="38" CONTENT="besonders" />
            <SP ID="SP_28306" HPOS="858" VPOS="903" WIDTH="36" HEIGHT="0" />
            <String ID="Word_31913" HPOS="894" VPOS="903" WIDTH="80" HEIGHT="38" CONTENT="also" />
            <SP ID="SP_28307" HPOS="974" VPOS="903" WIDTH="42" HEIGHT="0" />
            <String ID="Word_31914" HPOS="1016" VPOS="903" WIDTH="66" HEIGHT="37" CONTENT="der" />
            <SP ID="SP_28308" HPOS="1082" VPOS="901" WIDTH="41" HEIGHT="0" />
            <String ID="Word_31915" HPOS="1123" VPOS="901" WIDTH="277" HEIGHT="39" CONTENT="Tuberculöse," />
            <SP ID="SP_28309" HPOS="1400" VPOS="901" WIDTH="46" HEIGHT="0" />
            <String ID="Word_31916" HPOS="1446" VPOS="901" WIDTH="130" HEIGHT="38" CONTENT="finden" />
            <SP ID="SP_28310" HPOS="1576" VPOS="901" WIDTH="42" HEIGHT="0" />
            <String ID="Word_31917" HPOS="1618" VPOS="901" WIDTH="71" HEIGHT="37" CONTENT="wir" />
          </TextLine>
          <TextLine ID="TextLine_3612" HPOS="81" VPOS="954" WIDTH="1603" HEIGHT="54">
            <String ID="Word_31918" HPOS="81" VPOS="960" WIDTH="61" HEIGHT="38" CONTENT="bei" />
            <SP ID="SP_28311" HPOS="142" VPOS="959" WIDTH="43" HEIGHT="0" />
            <String ID="Word_31919" HPOS="185" VPOS="959" WIDTH="155" HEIGHT="38" CONTENT="Heine" />
            <SP ID="SP_28312" HPOS="340" VPOS="958" WIDTH="47" HEIGHT="0" />
            <String ID="Word_31920" HPOS="387" VPOS="958" WIDTH="221" HEIGHT="50" CONTENT="speciellere" />
            <SP ID="SP_28313" HPOS="608" VPOS="957" WIDTH="47" HEIGHT="0" />
            <String ID="Word_31921" HPOS="655" VPOS="957" WIDTH="203" HEIGHT="38" CONTENT="Angaben." />
            <SP ID="SP_28314" HPOS="858" VPOS="956" WIDTH="63" HEIGHT="0" />
            <String ID="Word_31922" HPOS="921" VPOS="956" WIDTH="125" HEIGHT="39" CONTENT="Unter" />
            <SP ID="SP_28315" HPOS="1046" VPOS="956" WIDTH="46" HEIGHT="0" />
            <String ID="Word_31923" HPOS="1092" VPOS="957" WIDTH="47" HEIGHT="37" CONTENT="16" />
            <SP ID="SP_28316" HPOS="1139" VPOS="954" WIDTH="44" HEIGHT="0" />
            <String ID="Word_31924" HPOS="1183" VPOS="954" WIDTH="501" HEIGHT="46" CONTENT="Hospitalbrandkranken," />
          </TextLine>
          <TextLine ID="TextLine_3613" HPOS="82" VPOS="1008" WIDTH="1606" HEIGHT="54">
            <String ID="Word_31925" HPOS="82" VPOS="1013" WIDTH="143" HEIGHT="38" CONTENT="welche" />
            <SP ID="SP_28317" HPOS="225" VPOS="1013" WIDTH="41" HEIGHT="0" />
            <String ID="Word_31926" HPOS="266" VPOS="1013" WIDTH="66" HEIGHT="37" CONTENT="der" />
            <SP ID="SP_28318" HPOS="332" VPOS="1012" WIDTH="42" HEIGHT="0" />
            <String ID="Word_31927" HPOS="374" VPOS="1012" WIDTH="219" HEIGHT="38" CONTENT="Krankheit" />
            <SP ID="SP_28319" HPOS="593" VPOS="1012" WIDTH="40" HEIGHT="0" />
            <String ID="Word_31928" HPOS="633" VPOS="1012" WIDTH="245" HEIGHT="50" CONTENT="unterlagen," />
            <SP ID="SP_28320" HPOS="878" VPOS="1012" WIDTH="44" HEIGHT="0" />
            <String ID="Word_31929" HPOS="922" VPOS="1024" WIDTH="130" HEIGHT="24" CONTENT="waren" />
            <SP ID="SP_28321" HPOS="1052" VPOS="1011" WIDTH="37" HEIGHT="0" />
            <String ID="Word_31930" HPOS="1089" VPOS="1011" WIDTH="22" HEIGHT="37" CONTENT="6" />
            <SP ID="SP_28322" HPOS="1111" VPOS="1010" WIDTH="29" HEIGHT="0" />
            <String ID="Word_31931" HPOS="1140" VPOS="1010" WIDTH="233" HEIGHT="37" CONTENT="tuberculös." />
            <SP ID="SP_28323" HPOS="1373" VPOS="1009" WIDTH="60" HEIGHT="0" />
            <String ID="Word_31932" HPOS="1433" VPOS="1009" WIDTH="85" HEIGHT="39" CONTENT="Von" />
            <SP ID="SP_28324" HPOS="1518" VPOS="1008" WIDTH="39" HEIGHT="0" />
            <String ID="Word_31933" HPOS="1557" VPOS="1008" WIDTH="131" HEIGHT="38" CONTENT="diesen" />
          </TextLine>
          <TextLine ID="TextLine_3614" HPOS="82" VPOS="1062" WIDTH="1605" HEIGHT="51">
            <String ID="Word_31934" HPOS="82" VPOS="1067" WIDTH="184" HEIGHT="38" CONTENT="letzteren" />
            <SP ID="SP_28325" HPOS="266" VPOS="1066" WIDTH="43" HEIGHT="0" />
            <String ID="Word_31935" HPOS="309" VPOS="1066" WIDTH="156" HEIGHT="38" CONTENT="stai-ben" />
            <SP ID="SP_28326" HPOS="465" VPOS="1066" WIDTH="30" HEIGHT="0" />
            <String ID="Word_31936" HPOS="495" VPOS="1066" WIDTH="23" HEIGHT="36" CONTENT="4" />
            <SP ID="SP_28327" HPOS="518" VPOS="1066" WIDTH="30" HEIGHT="0" />
            <String ID="Word_31937" HPOS="548" VPOS="1078" WIDTH="113" HEIGHT="25" CONTENT="unter" />
            <SP ID="SP_28328" HPOS="661" VPOS="1065" WIDTH="38" HEIGHT="0" />
            <String ID="Word_31938" HPOS="699" VPOS="1065" WIDTH="72" HEIGHT="38" CONTENT="den" />
            <SP ID="SP_28329" HPOS="771" VPOS="1064" WIDTH="37" HEIGHT="0" />
            <String ID="Word_31939" HPOS="808" VPOS="1064" WIDTH="323" HEIGHT="39" CONTENT="Erscheinungen" />
            <SP ID="SP_28330" HPOS="1131" VPOS="1063" WIDTH="44" HEIGHT="0" />
            <String ID="Word_31940" HPOS="1175" VPOS="1063" WIDTH="104" HEIGHT="38" CONTENT="einer" />
            <SP ID="SP_28331" HPOS="1279" VPOS="1063" WIDTH="37" HEIGHT="0" />
            <String ID="Word_31941" HPOS="1316" VPOS="1064" WIDTH="64" HEIGHT="38" CONTENT="bei" />
            <SP ID="SP_28332" HPOS="1380" VPOS="1064" WIDTH="37" HEIGHT="0" />
            <String ID="Word_31942" HPOS="1417" VPOS="1066" WIDTH="126" HEIGHT="35" CONTENT="steten" />
            <SP ID="SP_28333" HPOS="1543" VPOS="1062" WIDTH="30" HEIGHT="0" />
            <String ID="Word_31943" HPOS="1573" VPOS="1062" WIDTH="114" HEIGHT="39" CONTENT="Reci-" />
          </TextLine>
          <TextLine ID="TextLine_3615" HPOS="84" VPOS="1116" WIDTH="1604" HEIGHT="52">
            <String ID="Word_31944" HPOS="84" VPOS="1121" WIDTH="113" HEIGHT="37" CONTENT="diven" />
            <SP ID="SP_28334" HPOS="197" VPOS="1121" WIDTH="47" HEIGHT="0" />
            <String ID="Word_31945" HPOS="244" VPOS="1121" WIDTH="66" HEIGHT="37" CONTENT="der" />
            <SP ID="SP_28335" HPOS="310" VPOS="1119" WIDTH="46" HEIGHT="0" />
            <String ID="Word_31946" HPOS="356" VPOS="1119" WIDTH="342" HEIGHT="38" CONTENT="Wundkrankheit" />
            <SP ID="SP_28336" HPOS="698" VPOS="1119" WIDTH="46" HEIGHT="0" />
            <String ID="Word_31947" HPOS="744" VPOS="1119" WIDTH="40" HEIGHT="37" CONTENT="in" />
            <SP ID="SP_28337" HPOS="784" VPOS="1118" WIDTH="46" HEIGHT="0" />
            <String ID="Word_31948" HPOS="830" VPOS="1118" WIDTH="175" HEIGHT="50" CONTENT="rapidem" />
            <SP ID="SP_28338" HPOS="1005" VPOS="1117" WIDTH="48" HEIGHT="0" />
            <String ID="Word_31949" HPOS="1053" VPOS="1117" WIDTH="147" HEIGHT="38" CONTENT="Tempo" />
            <SP ID="SP_28339" HPOS="1200" VPOS="1117" WIDTH="48" HEIGHT="0" />
            <String ID="Word_31950" HPOS="1248" VPOS="1117" WIDTH="80" HEIGHT="38" CONTENT="sich" />
            <SP ID="SP_28340" HPOS="1328" VPOS="1116" WIDTH="51" HEIGHT="0" />
            <String ID="Word_31951" HPOS="1379" VPOS="1116" WIDTH="309" HEIGHT="39" CONTENT="entwickelnden" />
          </TextLine>
          <TextLine ID="TextLine_3616" HPOS="83" VPOS="1169" WIDTH="1603" HEIGHT="53">
            <String ID="Word_31952" HPOS="83" VPOS="1174" WIDTH="171" HEIGHT="38" CONTENT="Phthise." />
            <SP ID="SP_28341" HPOS="254" VPOS="1173" WIDTH="57" HEIGHT="0" />
            <String ID="Word_31953" HPOS="311" VPOS="1173" WIDTH="70" HEIGHT="38" CONTENT="Bei" />
            <SP ID="SP_28342" HPOS="381" VPOS="1173" WIDTH="30" HEIGHT="0" />
            <String ID="Word_31954" HPOS="411" VPOS="1186" WIDTH="167" HEIGHT="24" CONTENT="anderen" />
            <SP ID="SP_28343" HPOS="578" VPOS="1172" WIDTH="29" HEIGHT="0" />
            <String ID="Word_31955" HPOS="607" VPOS="1172" WIDTH="184" HEIGHT="38" CONTENT="Kranken" />
            <SP ID="SP_28344" HPOS="791" VPOS="1172" WIDTH="30" HEIGHT="0" />
            <String ID="Word_31956" HPOS="821" VPOS="1175" WIDTH="71" HEIGHT="34" CONTENT="mit" />
            <SP ID="SP_28345" HPOS="892" VPOS="1171" WIDTH="28" HEIGHT="0" />
            <String ID="Word_31957" HPOS="920" VPOS="1171" WIDTH="303" HEIGHT="51" CONTENT="geringfügigen" />
            <SP ID="SP_28346" HPOS="1223" VPOS="1171" WIDTH="29" HEIGHT="0" />
            <String ID="Word_31958" HPOS="1252" VPOS="1171" WIDTH="273" HEIGHT="38" CONTENT="tuberculösen" />
            <SP ID="SP_28347" HPOS="1525" VPOS="1169" WIDTH="28" HEIGHT="0" />
            <String ID="Word_31959" HPOS="1553" VPOS="1169" WIDTH="133" HEIGHT="39" CONTENT="Affec-" />
          </TextLine>
          <TextLine ID="TextLine_3617" HPOS="84" VPOS="1224" WIDTH="1603" HEIGHT="51">
            <String ID="Word_31960" HPOS="84" VPOS="1228" WIDTH="131" HEIGHT="38" CONTENT="tionen" />
            <SP ID="SP_28348" HPOS="215" VPOS="1227" WIDTH="37" HEIGHT="0" />
            <String ID="Word_31961" HPOS="252" VPOS="1227" WIDTH="252" HEIGHT="38" CONTENT="beobachtete" />
            <SP ID="SP_28349" HPOS="504" VPOS="1226" WIDTH="40" HEIGHT="0" />
            <String ID="Word_31962" HPOS="544" VPOS="1226" WIDTH="157" HEIGHT="38" CONTENT="Heine" />
            <SP ID="SP_28350" HPOS="701" VPOS="1225" WIDTH="39" HEIGHT="0" />
            <String ID="Word_31963" HPOS="740" VPOS="1225" WIDTH="111" HEIGHT="39" CONTENT="einen" />
            <SP ID="SP_28351" HPOS="851" VPOS="1225" WIDTH="42" HEIGHT="0" />
            <String ID="Word_31964" HPOS="893" VPOS="1229" WIDTH="170" HEIGHT="34" CONTENT="äusserst" />
            <SP ID="SP_28352" HPOS="1063" VPOS="1224" WIDTH="42" HEIGHT="0" />
            <String ID="Word_31965" HPOS="1105" VPOS="1224" WIDTH="265" HEIGHT="51" CONTENT="protrahirten" />
            <SP ID="SP_28353" HPOS="1370" VPOS="1224" WIDTH="39" HEIGHT="0" />
            <String ID="Word_31966" HPOS="1409" VPOS="1224" WIDTH="167" HEIGHT="40" CONTENT="Verlauf" />
            <SP ID="SP_28354" HPOS="1576" VPOS="1224" WIDTH="45" HEIGHT="0" />
            <String ID="Word_31967" HPOS="1621" VPOS="1225" WIDTH="66" HEIGHT="37" CONTENT="des" />
          </TextLine>
          <TextLine ID="TextLine_3618" HPOS="84" VPOS="1278" WIDTH="1605" HEIGHT="53">
            <String ID="Word_31968" HPOS="84" VPOS="1281" WIDTH="345" HEIGHT="38" CONTENT="Hospitalbrandes" />
            <SP ID="SP_28355" HPOS="429" VPOS="1281" WIDTH="40" HEIGHT="0" />
            <String ID="Word_31969" HPOS="469" VPOS="1281" WIDTH="77" HEIGHT="37" CONTENT="und" />
            <SP ID="SP_28356" HPOS="546" VPOS="1280" WIDTH="41" HEIGHT="0" />
            <String ID="Word_31970" HPOS="587" VPOS="1280" WIDTH="66" HEIGHT="37" CONTENT="das" />
            <SP ID="SP_28357" HPOS="653" VPOS="1278" WIDTH="39" HEIGHT="0" />
            <String ID="Word_31971" HPOS="692" VPOS="1278" WIDTH="209" HEIGHT="39" CONTENT="Auftreten" />
            <SP ID="SP_28358" HPOS="901" VPOS="1278" WIDTH="43" HEIGHT="0" />
            <String ID="Word_31972" HPOS="944" VPOS="1292" WIDTH="74" HEIGHT="25" CONTENT="von" />
            <SP ID="SP_28359" HPOS="1018" VPOS="1278" WIDTH="37" HEIGHT="0" />
            <String ID="Word_31973" HPOS="1055" VPOS="1278" WIDTH="274" HEIGHT="39" CONTENT="Käseheerden" />
            <SP ID="SP_28360" HPOS="1329" VPOS="1278" WIDTH="43" HEIGHT="0" />
            <String ID="Word_31974" HPOS="1372" VPOS="1280" WIDTH="78" HEIGHT="37" CONTENT="und" />
            <SP ID="SP_28361" HPOS="1450" VPOS="1279" WIDTH="43" HEIGHT="0" />
            <String ID="Word_31975" HPOS="1493" VPOS="1279" WIDTH="196" HEIGHT="49" CONTENT="fungösen" />
          </TextLine>
          <TextLine ID="TextLine_3619" HPOS="87" VPOS="1333" WIDTH="659" HEIGHT="40">
            <String ID="Word_31976" HPOS="87" VPOS="1335" WIDTH="300" HEIGHT="38" CONTENT="Granulationen" />
            <SP ID="SP_28362" HPOS="387" VPOS="1334" WIDTH="29" HEIGHT="0" />
            <String ID="Word_31977" HPOS="416" VPOS="1334" WIDTH="39" HEIGHT="38" CONTENT="in" />
            <SP ID="SP_28363" HPOS="455" VPOS="1334" WIDTH="31" HEIGHT="0" />
            <String ID="Word_31978" HPOS="486" VPOS="1335" WIDTH="66" HEIGHT="36" CONTENT="der" />
            <SP ID="SP_28364" HPOS="552" VPOS="1333" WIDTH="30" HEIGHT="0" />
            <String ID="Word_31979" HPOS="582" VPOS="1333" WIDTH="164" HEIGHT="38" CONTENT="Wunde." />
          </TextLine>
          <TextLine ID="TextLine_3620" HPOS="214" VPOS="1396" WIDTH="1473" HEIGHT="52">
            <String ID="Word_31980" HPOS="214" VPOS="1399" WIDTH="125" HEIGHT="38" CONTENT="Einen" />
            <SP ID="SP_28365" HPOS="339" VPOS="1399" WIDTH="29" HEIGHT="0" />
            <String ID="Word_31981" HPOS="368" VPOS="1399" WIDTH="181" HEIGHT="37" CONTENT="weiteren" />
            <SP ID="SP_28366" HPOS="549" VPOS="1399" WIDTH="39" HEIGHT="0" />
            <String ID="Word_31982" HPOS="588" VPOS="1399" WIDTH="59" HEIGHT="37" CONTENT="die" />
            <SP ID="SP_28367" HPOS="647" VPOS="1398" WIDTH="35" HEIGHT="0" />
            <String ID="Word_31983" HPOS="682" VPOS="1398" WIDTH="198" HEIGHT="38" CONTENT="Prognose" />
            <SP ID="SP_28368" HPOS="880" VPOS="1397" WIDTH="38" HEIGHT="0" />
            <String ID="Word_31984" HPOS="918" VPOS="1397" WIDTH="389" HEIGHT="38" CONTENT="verschlechternden" />
            <SP ID="SP_28369" HPOS="1307" VPOS="1396" WIDTH="34" HEIGHT="0" />
            <String ID="Word_31985" HPOS="1341" VPOS="1396" WIDTH="142" HEIGHT="39" CONTENT="Factor" />
            <SP ID="SP_28370" HPOS="1483" VPOS="1396" WIDTH="39" HEIGHT="0" />
            <String ID="Word_31986" HPOS="1522" VPOS="1398" WIDTH="165" HEIGHT="37" CONTENT="erblickt" />
          </TextLine>
          <TextLine ID="TextLine_3621" HPOS="87" VPOS="1451" WIDTH="1601" HEIGHT="46">
            <String ID="Word_31987" HPOS="87" VPOS="1453" WIDTH="145" HEIGHT="38" CONTENT="Heine" />
            <SP ID="SP_28371" HPOS="232" VPOS="1453" WIDTH="29" HEIGHT="0" />
            <String ID="Word_31988" HPOS="261" VPOS="1453" WIDTH="39" HEIGHT="37" CONTENT="in" />
            <SP ID="SP_28372" HPOS="300" VPOS="1453" WIDTH="29" HEIGHT="0" />
            <String ID="Word_31989" HPOS="329" VPOS="1453" WIDTH="86" HEIGHT="37" CONTENT="dem" />
            <SP ID="SP_28373" HPOS="415" VPOS="1452" WIDTH="21" HEIGHT="0" />
            <String ID="Word_31990" HPOS="436" VPOS="1452" WIDTH="277" HEIGHT="38" CONTENT="Verbleiben" />
            <SP ID="SP_28374" HPOS="713" VPOS="1452" WIDTH="30" HEIGHT="0" />
            <String ID="Word_31991" HPOS="743" VPOS="1453" WIDTH="65" HEIGHT="36" CONTENT="der" />
            <SP ID="SP_28375" HPOS="808" VPOS="1451" WIDTH="22" HEIGHT="0" />
            <String ID="Word_31992" HPOS="830" VPOS="1451" WIDTH="185" HEIGHT="38" CONTENT="Kranken" />
            <SP ID="SP_28376" HPOS="1015" VPOS="1451" WIDTH="28" HEIGHT="0" />
            <String ID="Word_31993" HPOS="1043" VPOS="1451" WIDTH="40" HEIGHT="37" CONTENT="in" />
            <SP ID="SP_28377" HPOS="1083" VPOS="1451" WIDTH="30" HEIGHT="0" />
            <String ID="Word_31994" HPOS="1113" VPOS="1452" WIDTH="74" HEIGHT="37" CONTENT="den" />
            <SP ID="SP_28378" HPOS="1187" VPOS="1451" WIDTH="29" HEIGHT="0" />
            <String ID="Word_31995" HPOS="1216" VPOS="1451" WIDTH="217" HEIGHT="38" CONTENT="Räumen," />
            <SP ID="SP_28379" HPOS="1433" VPOS="1451" WIDTH="30" HEIGHT="0" />
            <String ID="Word_31996" HPOS="1463" VPOS="1451" WIDTH="44" HEIGHT="37" CONTENT="in" />
            <SP ID="SP_28380" HPOS="1507" VPOS="1451" WIDTH="32" HEIGHT="0" />
            <String ID="Word_31997" HPOS="1539" VPOS="1452" WIDTH="149" HEIGHT="37" CONTENT="denen" />
          </TextLine>
          <TextLine ID="TextLine_3622" HPOS="88" VPOS="1504" WIDTH="1599" HEIGHT="52">
            <String ID="Word_31998" HPOS="88" VPOS="1506" WIDTH="447" HEIGHT="50" CONTENT="Hospitalbrandige" />
            <SP ID="SP_28381" HPOS="535" VPOS="1505" WIDTH="28" HEIGHT="0" />
            <String ID="Word_31999" HPOS="563" VPOS="1505" WIDTH="156" HEIGHT="38" CONTENT="liegen" />
            <SP ID="SP_28382" HPOS="719" VPOS="1505" WIDTH="29" HEIGHT="0" />
            <String ID="Word_32000" HPOS="748" VPOS="1505" WIDTH="108" HEIGHT="38" CONTENT="oder" />
            <SP ID="SP_28383" HPOS="856" VPOS="1505" WIDTH="27" HEIGHT="0" />
            <String ID="Word_32001" HPOS="883" VPOS="1506" WIDTH="161" HEIGHT="36" CONTENT="früher" />
            <SP ID="SP_28384" HPOS="1044" VPOS="1505" WIDTH="28" HEIGHT="0" />
            <String ID="Word_32002" HPOS="1072" VPOS="1505" WIDTH="152" HEIGHT="50" CONTENT="lagen," />
            <SP ID="SP_28385" HPOS="1224" VPOS="1505" WIDTH="31" HEIGHT="0" />
            <String ID="Word_32003" HPOS="1255" VPOS="1505" WIDTH="130" HEIGHT="37" CONTENT="ferner" />
            <SP ID="SP_28386" HPOS="1385" VPOS="1505" WIDTH="28" HEIGHT="0" />
            <String ID="Word_32004" HPOS="1413" VPOS="1505" WIDTH="40" HEIGHT="37" CONTENT="in" />
            <SP ID="SP_28387" HPOS="1453" VPOS="1505" WIDTH="30" HEIGHT="0" />
            <String ID="Word_32005" HPOS="1483" VPOS="1506" WIDTH="66" HEIGHT="36" CONTENT="der" />
            <SP ID="SP_28388" HPOS="1549" VPOS="1504" WIDTH="25" HEIGHT="0" />
            <String ID="Word_32006" HPOS="1574" VPOS="1504" WIDTH="113" HEIGHT="38" CONTENT="Nähe" />
          </TextLine>
          <TextLine ID="TextLine_3623" HPOS="88" VPOS="1558" WIDTH="1600" HEIGHT="52">
            <String ID="Word_32007" HPOS="88" VPOS="1573" WIDTH="93" HEIGHT="24" CONTENT="aUer" />
            <SP ID="SP_28389" HPOS="181" VPOS="1558" WIDTH="29" HEIGHT="0" />
            <String ID="Word_32008" HPOS="210" VPOS="1558" WIDTH="285" HEIGHT="51" CONTENT="Gegenstände," />
            <SP ID="SP_28390" HPOS="495" VPOS="1558" WIDTH="46" HEIGHT="0" />
            <String ID="Word_32009" HPOS="541" VPOS="1559" WIDTH="142" HEIGHT="37" CONTENT="welche" />
            <SP ID="SP_28391" HPOS="683" VPOS="1559" WIDTH="31" HEIGHT="0" />
            <String ID="Word_32010" HPOS="714" VPOS="1560" WIDTH="65" HEIGHT="37" CONTENT="das" />
            <SP ID="SP_28392" HPOS="779" VPOS="1558" WIDTH="30" HEIGHT="0" />
            <String ID="Word_32011" HPOS="809" VPOS="1558" WIDTH="531" HEIGHT="50" CONTENT="Hospitalbrandcontagium" />
            <SP ID="SP_28393" HPOS="1340" VPOS="1558" WIDTH="28" HEIGHT="0" />
            <String ID="Word_32012" HPOS="1368" VPOS="1558" WIDTH="40" HEIGHT="37" CONTENT="in" />
            <SP ID="SP_28394" HPOS="1408" VPOS="1558" WIDTH="31" HEIGHT="0" />
            <String ID="Word_32013" HPOS="1439" VPOS="1559" WIDTH="81" HEIGHT="37" CONTENT="sich" />
            <SP ID="SP_28395" HPOS="1520" VPOS="1559" WIDTH="29" HEIGHT="0" />
            <String ID="Word_32014" HPOS="1549" VPOS="1561" WIDTH="139" HEIGHT="49" CONTENT="tragen" />
          </TextLine>
          <TextLine ID="TextLine_3624" HPOS="87" VPOS="1610" WIDTH="1453" HEIGHT="53">
            <String ID="Word_32015" HPOS="87" VPOS="1613" WIDTH="163" HEIGHT="38" CONTENT="können," />
            <SP ID="SP_28396" HPOS="250" VPOS="1613" WIDTH="32" HEIGHT="0" />
            <String ID="Word_32016" HPOS="282" VPOS="1614" WIDTH="70" HEIGHT="37" CONTENT="wie" />
            <SP ID="SP_28397" HPOS="352" VPOS="1613" WIDTH="29" HEIGHT="0" />
            <String ID="Word_32017" HPOS="381" VPOS="1613" WIDTH="199" HEIGHT="50" CONTENT="Bettzeug," />
            <SP ID="SP_28398" HPOS="580" VPOS="1613" WIDTH="31" HEIGHT="0" />
            <String ID="Word_32018" HPOS="611" VPOS="1613" WIDTH="240" HEIGHT="45" CONTENT="Bettstellen," />
            <SP ID="SP_28399" HPOS="851" VPOS="1612" WIDTH="33" HEIGHT="0" />
            <String ID="Word_32019" HPOS="884" VPOS="1612" WIDTH="208" HEIGHT="51" CONTENT="Kleidung," />
            <SP ID="SP_28400" HPOS="1092" VPOS="1612" WIDTH="33" HEIGHT="0" />
            <String ID="Word_32020" HPOS="1125" VPOS="1612" WIDTH="303" HEIGHT="50" CONTENT="Gypsverbände" />
            <SP ID="SP_28401" HPOS="1428" VPOS="1610" WIDTH="31" HEIGHT="0" />
            <String ID="Word_32021" HPOS="1459" VPOS="1610" WIDTH="81" HEIGHT="51" CONTENT="etc.|" />
          </TextLine>
          <TextLine ID="TextLine_3625" HPOS="214" VPOS="1676" WIDTH="1472" HEIGHT="51">
            <String ID="Word_32022" HPOS="214" VPOS="1677" WIDTH="53" HEIGHT="37" CONTENT="Es" />
            <SP ID="SP_28402" HPOS="267" VPOS="1677" WIDTH="34" HEIGHT="0" />
            <String ID="Word_32023" HPOS="301" VPOS="1677" WIDTH="50" HEIGHT="37" CONTENT="ist" />
            <SP ID="SP_28403" HPOS="351" VPOS="1676" WIDTH="35" HEIGHT="0" />
            <String ID="Word_32024" HPOS="386" VPOS="1676" WIDTH="63" HEIGHT="38" CONTENT="bei" />
            <SP ID="SP_28404" HPOS="449" VPOS="1676" WIDTH="30" HEIGHT="0" />
            <String ID="Word_32025" HPOS="479" VPOS="1690" WIDTH="157" HEIGHT="24" CONTENT="unserer" />
            <SP ID="SP_28405" HPOS="636" VPOS="1677" WIDTH="23" HEIGHT="0" />
            <String ID="Word_32026" HPOS="659" VPOS="1677" WIDTH="173" HEIGHT="49" CONTENT="jetzigen" />
            <SP ID="SP_28406" HPOS="832" VPOS="1676" WIDTH="28" HEIGHT="0" />
            <String ID="Word_32027" HPOS="860" VPOS="1676" WIDTH="212" HEIGHT="38" CONTENT="Kenntniss" />
            <SP ID="SP_28407" HPOS="1072" VPOS="1676" WIDTH="37" HEIGHT="0" />
            <String ID="Word_32028" HPOS="1109" VPOS="1677" WIDTH="67" HEIGHT="37" CONTENT="der" />
            <SP ID="SP_28408" HPOS="1176" VPOS="1676" WIDTH="30" HEIGHT="0" />
            <String ID="Word_32029" HPOS="1206" VPOS="1676" WIDTH="292" HEIGHT="38" CONTENT="chirurgischen" />
            <SP ID="SP_28409" HPOS="1498" VPOS="1676" WIDTH="29" HEIGHT="0" />
            <String ID="Word_32030" HPOS="1527" VPOS="1676" WIDTH="159" HEIGHT="38" CONTENT="Krank-" />
          </TextLine>
          <TextLine ID="TextLine_3626" HPOS="88" VPOS="1729" WIDTH="1599" HEIGHT="52">
            <String ID="Word_32031" HPOS="88" VPOS="1731" WIDTH="131" HEIGHT="37" CONTENT="heiten" />
            <SP ID="SP_28410" HPOS="219" VPOS="1730" WIDTH="21" HEIGHT="0" />
            <String ID="Word_32032" HPOS="240" VPOS="1730" WIDTH="100" HEIGHT="38" CONTENT="wohl" />
            <SP ID="SP_28411" HPOS="340" VPOS="1730" WIDTH="27" HEIGHT="0" />
            <String ID="Word_32033" HPOS="367" VPOS="1730" WIDTH="117" HEIGHT="37" CONTENT="kaum" />
            <SP ID="SP_28412" HPOS="484" VPOS="1730" WIDTH="28" HEIGHT="0" />
            <String ID="Word_32034" HPOS="512" VPOS="1730" WIDTH="147" HEIGHT="51" CONTENT="nöthig," />
            <SP ID="SP_28413" HPOS="659" VPOS="1730" WIDTH="33" HEIGHT="0" />
            <String ID="Word_32035" HPOS="692" VPOS="1730" WIDTH="69" HEIGHT="38" CONTENT="auf" />
            <SP ID="SP_28414" HPOS="761" VPOS="1730" WIDTH="26" HEIGHT="0" />
            <String ID="Word_32036" HPOS="787" VPOS="1730" WIDTH="102" HEIGHT="38" CONTENT="diese" />
            <SP ID="SP_28415" HPOS="889" VPOS="1730" WIDTH="30" HEIGHT="0" />
            <String ID="Word_32037" HPOS="919" VPOS="1730" WIDTH="128" HEIGHT="38" CONTENT="Dinge" />
            <SP ID="SP_28416" HPOS="1047" VPOS="1730" WIDTH="28" HEIGHT="0" />
            <String ID="Word_32038" HPOS="1075" VPOS="1730" WIDTH="85" HEIGHT="38" CONTENT="hier" />
            <SP ID="SP_28417" HPOS="1160" VPOS="1730" WIDTH="29" HEIGHT="0" />
            <String ID="Word_32039" HPOS="1189" VPOS="1730" WIDTH="122" HEIGHT="38" CONTENT="näher" />
            <SP ID="SP_28418" HPOS="1311" VPOS="1730" WIDTH="26" HEIGHT="0" />
            <String ID="Word_32040" HPOS="1337" VPOS="1743" WIDTH="250" HEIGHT="37" CONTENT="einzugehen," />
            <SP ID="SP_28419" HPOS="1587" VPOS="1729" WIDTH="33" HEIGHT="0" />
            <String ID="Word_32041" HPOS="1620" VPOS="1729" WIDTH="67" HEIGHT="39" CONTENT="auf" />
          </TextLine>
          <TextLine ID="TextLine_3627" HPOS="89" VPOS="1783" WIDTH="1256" HEIGHT="51">
            <String ID="Word_32042" HPOS="89" VPOS="1783" WIDTH="143" HEIGHT="38" CONTENT="welche" />
            <SP ID="SP_28420" HPOS="232" VPOS="1783" WIDTH="28" HEIGHT="0" />
            <String ID="Word_32043" HPOS="260" VPOS="1783" WIDTH="63" HEIGHT="38" CONTENT="ich" />
            <SP ID="SP_28421" HPOS="323" VPOS="1783" WIDTH="27" HEIGHT="0" />
            <String ID="Word_32044" HPOS="350" VPOS="1783" WIDTH="62" HEIGHT="38" CONTENT="bei" />
            <SP ID="SP_28422" HPOS="412" VPOS="1783" WIDTH="30" HEIGHT="0" />
            <String ID="Word_32045" HPOS="442" VPOS="1784" WIDTH="66" HEIGHT="37" CONTENT="der" />
            <SP ID="SP_28423" HPOS="508" VPOS="1783" WIDTH="28" HEIGHT="0" />
            <String ID="Word_32046" HPOS="536" VPOS="1783" WIDTH="179" HEIGHT="50" CONTENT="Hygiene" />
            <SP ID="SP_28424" HPOS="715" VPOS="1783" WIDTH="31" HEIGHT="0" />
            <String ID="Word_32047" HPOS="746" VPOS="1784" WIDTH="98" HEIGHT="38" CONTENT="doch" />
            <SP ID="SP_28425" HPOS="844" VPOS="1784" WIDTH="29" HEIGHT="0" />
            <String ID="Word_32048" HPOS="873" VPOS="1784" WIDTH="326" HEIGHT="38" CONTENT="zurückkommen" />
            <SP ID="SP_28426" HPOS="1199" VPOS="1784" WIDTH="29" HEIGHT="0" />
            <String ID="Word_32049" HPOS="1228" VPOS="1797" WIDTH="117" HEIGHT="24" CONTENT="muss." />
          </TextLine>
          <TextLine ID="TextLine_3628" HPOS="217" VPOS="1847" WIDTH="1468" HEIGHT="51">
            <String ID="Word_32050" HPOS="217" VPOS="1847" WIDTH="71" HEIGHT="37" CONTENT="Die" />
            <SP ID="SP_28427" HPOS="288" VPOS="1847" WIDTH="20" HEIGHT="0" />
            <String ID="Word_32051" HPOS="308" VPOS="1847" WIDTH="266" HEIGHT="50" CONTENT="Blutungen" />
            <SP ID="SP_28428" HPOS="574" VPOS="1847" WIDTH="28" HEIGHT="0" />
            <String ID="Word_32052" HPOS="602" VPOS="1848" WIDTH="102" HEIGHT="37" CONTENT="beim" />
            <SP ID="SP_28429" HPOS="704" VPOS="1847" WIDTH="19" HEIGHT="0" />
            <String ID="Word_32053" HPOS="723" VPOS="1847" WIDTH="327" HEIGHT="39" CONTENT="Hospitalbrande" />
            <SP ID="SP_28430" HPOS="1050" VPOS="1847" WIDTH="29" HEIGHT="0" />
            <String ID="Word_32054" HPOS="1079" VPOS="1848" WIDTH="127" HEIGHT="38" CONTENT="haben" />
            <SP ID="SP_28431" HPOS="1206" VPOS="1848" WIDTH="29" HEIGHT="0" />
            <String ID="Word_32055" HPOS="1235" VPOS="1848" WIDTH="99" HEIGHT="38" CONTENT="nach" />
            <SP ID="SP_28432" HPOS="1334" VPOS="1848" WIDTH="22" HEIGHT="0" />
            <String ID="Word_32056" HPOS="1356" VPOS="1849" WIDTH="110" HEIGHT="48" CONTENT="jeder" />
            <SP ID="SP_28433" HPOS="1466" VPOS="1847" WIDTH="20" HEIGHT="0" />
            <String ID="Word_32057" HPOS="1486" VPOS="1847" WIDTH="199" HEIGHT="51" CONTENT="Richtung" />
          </TextLine>
          <TextLine ID="TextLine_3629" HPOS="88" VPOS="1900" WIDTH="1597" HEIGHT="51">
            <String ID="Word_32058" HPOS="88" VPOS="1900" WIDTH="67" HEIGHT="38" CONTENT="hin" />
            <SP ID="SP_28434" HPOS="155" VPOS="1900" WIDTH="30" HEIGHT="0" />
            <String ID="Word_32059" HPOS="185" VPOS="1900" WIDTH="82" HEIGHT="38" CONTENT="eine" />
            <SP ID="SP_28435" HPOS="267" VPOS="1900" WIDTH="29" HEIGHT="0" />
            <String ID="Word_32060" HPOS="296" VPOS="1900" WIDTH="88" HEIGHT="38" CONTENT="sehr" />
            <SP ID="SP_28436" HPOS="384" VPOS="1900" WIDTH="30" HEIGHT="0" />
            <String ID="Word_32061" HPOS="414" VPOS="1901" WIDTH="192" HEIGHT="37" CONTENT="schlechte" />
            <SP ID="SP_28437" HPOS="606" VPOS="1901" WIDTH="31" HEIGHT="0" />
            <String ID="Word_32062" HPOS="637" VPOS="1901" WIDTH="208" HEIGHT="38" CONTENT="Prognose." />
            <SP ID="SP_28438" HPOS="845" VPOS="1901" WIDTH="60" HEIGHT="0" />
            <String ID="Word_32063" HPOS="905" VPOS="1901" WIDTH="128" HEIGHT="38" CONTENT="Selbst" />
            <SP ID="SP_28439" HPOS="1033" VPOS="1901" WIDTH="30" HEIGHT="0" />
            <String ID="Word_32064" HPOS="1063" VPOS="1902" WIDTH="63" HEIGHT="37" CONTENT="da," />
            <SP ID="SP_28440" HPOS="1126" VPOS="1902" WIDTH="32" HEIGHT="0" />
            <String ID="Word_32065" HPOS="1158" VPOS="1915" WIDTH="60" HEIGHT="24" CONTENT="wo" />
            <SP ID="SP_28441" HPOS="1218" VPOS="1902" WIDTH="31" HEIGHT="0" />
            <String ID="Word_32066" HPOS="1249" VPOS="1902" WIDTH="53" HEIGHT="37" CONTENT="sie" />
            <SP ID="SP_28442" HPOS="1302" VPOS="1901" WIDTH="31" HEIGHT="0" />
            <String ID="Word_32067" HPOS="1333" VPOS="1901" WIDTH="55" HEIGHT="38" CONTENT="als" />
            <SP ID="SP_28443" HPOS="1388" VPOS="1901" WIDTH="30" HEIGHT="0" />
            <String ID="Word_32068" HPOS="1418" VPOS="1901" WIDTH="130" HEIGHT="38" CONTENT="solche" />
            <SP ID="SP_28444" HPOS="1548" VPOS="1901" WIDTH="29" HEIGHT="0" />
            <String ID="Word_32069" HPOS="1577" VPOS="1914" WIDTH="108" HEIGHT="25" CONTENT="nicht" />
          </TextLine>
          <TextLine ID="TextLine_3630" HPOS="88" VPOS="1953" WIDTH="1597" HEIGHT="52">
            <String ID="Word_32070" HPOS="88" VPOS="1953" WIDTH="162" HEIGHT="39" CONTENT="tödtlich" />
            <SP ID="SP_28445" HPOS="250" VPOS="1953" WIDTH="27" HEIGHT="0" />
            <String ID="Word_32071" HPOS="277" VPOS="1954" WIDTH="163" HEIGHT="45" CONTENT="werden," />
            <SP ID="SP_28446" HPOS="440" VPOS="1954" WIDTH="32" HEIGHT="0" />
            <String ID="Word_32072" HPOS="472" VPOS="1954" WIDTH="241" HEIGHT="38" CONTENT="vermindern" />
            <SP ID="SP_28447" HPOS="713" VPOS="1954" WIDTH="30" HEIGHT="0" />
            <String ID="Word_32073" HPOS="743" VPOS="1955" WIDTH="53" HEIGHT="37" CONTENT="sie" />
            <SP ID="SP_28448" HPOS="796" VPOS="1955" WIDTH="32" HEIGHT="0" />
            <String ID="Word_32074" HPOS="828" VPOS="1955" WIDTH="58" HEIGHT="37" CONTENT="die" />
            <SP ID="SP_28449" HPOS="886" VPOS="1955" WIDTH="21" HEIGHT="0" />
            <String ID="Word_32075" HPOS="907" VPOS="1955" WIDTH="465" HEIGHT="50" CONTENT="Widerstandsfähigkeit" />
            <SP ID="SP_28450" HPOS="1372" VPOS="1955" WIDTH="25" HEIGHT="0" />
            <String ID="Word_32076" HPOS="1397" VPOS="1956" WIDTH="41" HEIGHT="49" CONTENT="je" />
            <SP ID="SP_28451" HPOS="1438" VPOS="1955" WIDTH="29" HEIGHT="0" />
            <String ID="Word_32077" HPOS="1467" VPOS="1955" WIDTH="99" HEIGHT="38" CONTENT="nach" />
            <SP ID="SP_28452" HPOS="1566" VPOS="1955" WIDTH="32" HEIGHT="0" />
            <String ID="Word_32078" HPOS="1598" VPOS="1955" WIDTH="87" HEIGHT="37" CONTENT="dem" />
          </TextLine>
          <TextLine ID="TextLine_3631" HPOS="88" VPOS="2007" WIDTH="1595" HEIGHT="52">
            <String ID="Word_32079" HPOS="88" VPOS="2007" WIDTH="238" HEIGHT="38" CONTENT="Blutverlust" />
            <SP ID="SP_28453" HPOS="326" VPOS="2007" WIDTH="28" HEIGHT="0" />
            <String ID="Word_32080" HPOS="354" VPOS="2008" WIDTH="108" HEIGHT="37" CONTENT="mehr" />
            <SP ID="SP_28454" HPOS="462" VPOS="2008" WIDTH="29" HEIGHT="0" />
            <String ID="Word_32081" HPOS="491" VPOS="2009" WIDTH="91" HEIGHT="37" CONTENT="oder" />
            <SP ID="SP_28455" HPOS="582" VPOS="2009" WIDTH="29" HEIGHT="0" />
            <String ID="Word_32082" HPOS="611" VPOS="2009" WIDTH="169" HEIGHT="37" CONTENT="weniger" />
            <SP ID="SP_28456" HPOS="780" VPOS="2009" WIDTH="35" HEIGHT="0" />
            <String ID="Word_32083" HPOS="815" VPOS="2009" WIDTH="78" HEIGHT="37" CONTENT="und" />
            <SP ID="SP_28457" HPOS="893" VPOS="2009" WIDTH="29" HEIGHT="0" />
            <String ID="Word_32084" HPOS="922" VPOS="2012" WIDTH="155" HEIGHT="47" CONTENT="tragen," />
            <SP ID="SP_28458" HPOS="1077" VPOS="2009" WIDTH="46" HEIGHT="0" />
            <String ID="Word_32085" HPOS="1123" VPOS="2009" WIDTH="209" HEIGHT="38" CONTENT="besonders" />
            <SP ID="SP_28459" HPOS="1332" VPOS="2009" WIDTH="30" HEIGHT="0" />
            <String ID="Word_32086" HPOS="1362" VPOS="2022" WIDTH="111" HEIGHT="24" CONTENT="wenn" />
            <SP ID="SP_28460" HPOS="1473" VPOS="2009" WIDTH="39" HEIGHT="0" />
            <String ID="Word_32087" HPOS="1512" VPOS="2009" WIDTH="54" HEIGHT="37" CONTENT="sie" />
            <SP ID="SP_28461" HPOS="1566" VPOS="2009" WIDTH="36" HEIGHT="0" />
            <String ID="Word_32088" HPOS="1602" VPOS="2009" WIDTH="81" HEIGHT="37" CONTENT="sich" />
          </TextLine>
          <TextLine ID="TextLine_3632" HPOS="93" VPOS="2061" WIDTH="1591" HEIGHT="50">
            <String ID="Word_32089" HPOS="93" VPOS="2061" WIDTH="268" HEIGHT="46" CONTENT="wiederholen," />
            <SP ID="SP_28462" HPOS="361" VPOS="2061" WIDTH="42" HEIGHT="0" />
            <String ID="Word_32090" HPOS="403" VPOS="2075" WIDTH="85" HEIGHT="23" CONTENT="zum" />
            <SP ID="SP_28463" HPOS="488" VPOS="2061" WIDTH="29" HEIGHT="0" />
            <String ID="Word_32091" HPOS="517" VPOS="2061" WIDTH="145" HEIGHT="38" CONTENT="Sinken" />
            <SP ID="SP_28464" HPOS="662" VPOS="2061" WIDTH="38" HEIGHT="0" />
            <String ID="Word_32092" HPOS="700" VPOS="2063" WIDTH="65" HEIGHT="36" CONTENT="des" />
            <SP ID="SP_28465" HPOS="765" VPOS="2061" WIDTH="31" HEIGHT="0" />
            <String ID="Word_32093" HPOS="796" VPOS="2061" WIDTH="185" HEIGHT="39" CONTENT="Kranken" />
            <SP ID="SP_28466" HPOS="981" VPOS="2061" WIDTH="36" HEIGHT="0" />
            <String ID="Word_32094" HPOS="1017" VPOS="2063" WIDTH="39" HEIGHT="37" CONTENT="in" />
            <SP ID="SP_28467" HPOS="1056" VPOS="2063" WIDTH="39" HEIGHT="0" />
            <String ID="Word_32095" HPOS="1095" VPOS="2063" WIDTH="177" HEIGHT="38" CONTENT="raschem" />
            <SP ID="SP_28468" HPOS="1272" VPOS="2062" WIDTH="30" HEIGHT="0" />
            <String ID="Word_32096" HPOS="1302" VPOS="2062" WIDTH="146" HEIGHT="38" CONTENT="Tempo" />
            <SP ID="SP_28469" HPOS="1448" VPOS="2062" WIDTH="30" HEIGHT="0" />
            <String ID="Word_32097" HPOS="1478" VPOS="2062" WIDTH="73" HEIGHT="38" CONTENT="bei." />
            <SP ID="SP_28470" HPOS="1551" VPOS="2062" WIDTH="60" HEIGHT="0" />
            <String ID="Word_32098" HPOS="1611" VPOS="2062" WIDTH="73" HEIGHT="37" CONTENT="Die" />
          </TextLine>
          <TextLine ID="TextLine_3633" HPOS="91" VPOS="2113" WIDTH="1590" HEIGHT="54">
            <String ID="Word_32099" HPOS="91" VPOS="2113" WIDTH="189" HEIGHT="50" CONTENT="Therapie" />
            <SP ID="SP_28471" HPOS="280" VPOS="2113" WIDTH="19" HEIGHT="0" />
            <String ID="Word_32100" HPOS="299" VPOS="2114" WIDTH="49" HEIGHT="37" CONTENT="ist" />
            <SP ID="SP_28472" HPOS="348" VPOS="2114" WIDTH="21" HEIGHT="0" />
            <String ID="Word_32101" HPOS="369" VPOS="2115" WIDTH="72" HEIGHT="37" CONTENT="den" />
            <SP ID="SP_28473" HPOS="441" VPOS="2115" WIDTH="18" HEIGHT="0" />
            <String ID="Word_32102" HPOS="459" VPOS="2115" WIDTH="383" HEIGHT="51" CONTENT="hospitalbrandigen" />
            <SP ID="SP_28474" HPOS="842" VPOS="2115" WIDTH="22" HEIGHT="0" />
            <String ID="Word_32103" HPOS="864" VPOS="2116" WIDTH="220" HEIGHT="51" CONTENT="Blutungen" />
            <SP ID="SP_28475" HPOS="1084" VPOS="2116" WIDTH="20" HEIGHT="0" />
            <String ID="Word_32104" HPOS="1104" VPOS="2117" WIDTH="234" HEIGHT="49" CONTENT="gegenüber," />
            <SP ID="SP_28476" HPOS="1338" VPOS="2116" WIDTH="29" HEIGHT="0" />
            <String ID="Word_32105" HPOS="1367" VPOS="2116" WIDTH="71" HEIGHT="37" CONTENT="wie" />
            <SP ID="SP_28477" HPOS="1438" VPOS="2116" WIDTH="22" HEIGHT="0" />
            <String ID="Word_32106" HPOS="1460" VPOS="2129" WIDTH="39" HEIGHT="24" CONTENT="es" />
            <SP ID="SP_28478" HPOS="1499" VPOS="2115" WIDTH="22" HEIGHT="0" />
            <String ID="Word_32107" HPOS="1521" VPOS="2116" WIDTH="160" HEIGHT="45" CONTENT="scheint," />
          </TextLine>
          <TextLine ID="TextLine_3634" HPOS="91" VPOS="2167" WIDTH="1593" HEIGHT="53">
            <String ID="Word_32108" HPOS="91" VPOS="2167" WIDTH="100" HEIGHT="37" CONTENT="noch" />
            <SP ID="SP_28479" HPOS="191" VPOS="2167" WIDTH="28" HEIGHT="0" />
            <String ID="Word_32109" HPOS="219" VPOS="2167" WIDTH="227" HEIGHT="38" CONTENT="machtloser" />
            <SP ID="SP_28480" HPOS="446" VPOS="2167" WIDTH="29" HEIGHT="0" />
            <String ID="Word_32110" HPOS="475" VPOS="2169" WIDTH="54" HEIGHT="37" CONTENT="als" />
            <SP ID="SP_28481" HPOS="529" VPOS="2169" WIDTH="30" HEIGHT="0" />
            <String ID="Word_32111" HPOS="559" VPOS="2169" WIDTH="61" HEIGHT="37" CONTENT="bei" />
            <SP ID="SP_28482" HPOS="620" VPOS="2169" WIDTH="29" HEIGHT="0" />
            <String ID="Word_32112" HPOS="649" VPOS="2169" WIDTH="224" HEIGHT="49" CONTENT="Blutungen" />
            <SP ID="SP_28483" HPOS="873" VPOS="2169" WIDTH="29" HEIGHT="0" />
            <String ID="Word_32113" HPOS="902" VPOS="2169" WIDTH="39" HEIGHT="38" CONTENT="in" />
            <SP ID="SP_28484" HPOS="941" VPOS="2169" WIDTH="31" HEIGHT="0" />
            <String ID="Word_32114" HPOS="972" VPOS="2172" WIDTH="113" HEIGHT="35" CONTENT="eitrig" />
            <SP ID="SP_28485" HPOS="1085" VPOS="2169" WIDTH="29" HEIGHT="0" />
            <String ID="Word_32115" HPOS="1114" VPOS="2169" WIDTH="245" HEIGHT="38" CONTENT="zerfallenem" />
            <SP ID="SP_28486" HPOS="1359" VPOS="2168" WIDTH="31" HEIGHT="0" />
            <String ID="Word_32116" HPOS="1390" VPOS="2168" WIDTH="175" HEIGHT="39" CONTENT="Gewebe." />
            <SP ID="SP_28487" HPOS="1565" VPOS="2168" WIDTH="46" HEIGHT="0" />
            <String ID="Word_32117" HPOS="1611" VPOS="2169" WIDTH="73" HEIGHT="37" CONTENT="Die" />
          </TextLine>
          <TextLine ID="TextLine_3635" HPOS="91" VPOS="2219" WIDTH="1592" HEIGHT="53">
            <String ID="Word_32118" HPOS="91" VPOS="2219" WIDTH="188" HEIGHT="39" CONTENT="Infection" />
            <SP ID="SP_28488" HPOS="279" VPOS="2219" WIDTH="30" HEIGHT="0" />
            <String ID="Word_32119" HPOS="309" VPOS="2220" WIDTH="65" HEIGHT="37" CONTENT="der" />
            <SP ID="SP_28489" HPOS="374" VPOS="2220" WIDTH="19" HEIGHT="0" />
            <String ID="Word_32120" HPOS="393" VPOS="2221" WIDTH="441" HEIGHT="51" CONTENT="Unterbindungsstelle," />
            <SP ID="SP_28490" HPOS="834" VPOS="2221" WIDTH="34" HEIGHT="0" />
            <String ID="Word_32121" HPOS="868" VPOS="2223" WIDTH="53" HEIGHT="37" CONTENT="sei" />
            <SP ID="SP_28491" HPOS="921" VPOS="2223" WIDTH="32" HEIGHT="0" />
            <String ID="Word_32122" HPOS="953" VPOS="2236" WIDTH="38" HEIGHT="24" CONTENT="es" />
            <SP ID="SP_28492" HPOS="991" VPOS="2223" WIDTH="30" HEIGHT="0" />
            <String ID="Word_32123" HPOS="1021" VPOS="2223" WIDTH="39" HEIGHT="37" CONTENT="in" />
            <SP ID="SP_28493" HPOS="1060" VPOS="2223" WIDTH="20" HEIGHT="0" />
            <String ID="Word_32124" HPOS="1080" VPOS="2223" WIDTH="83" HEIGHT="37" CONTENT="loco" />
            <SP ID="SP_28494" HPOS="1163" VPOS="2223" WIDTH="28" HEIGHT="0" />
            <String ID="Word_32125" HPOS="1191" VPOS="2223" WIDTH="91" HEIGHT="37" CONTENT="oder" />
            <SP ID="SP_28495" HPOS="1282" VPOS="2222" WIDTH="19" HEIGHT="0" />
            <String ID="Word_32126" HPOS="1301" VPOS="2222" WIDTH="134" HEIGHT="38" CONTENT="höher," />
            <SP ID="SP_28496" HPOS="1435" VPOS="2222" WIDTH="31" HEIGHT="0" />
            <String ID="Word_32127" HPOS="1466" VPOS="2236" WIDTH="78" HEIGHT="24" CONTENT="war" />
            <SP ID="SP_28497" HPOS="1544" VPOS="2224" WIDTH="21" HEIGHT="0" />
            <String ID="Word_32128" HPOS="1565" VPOS="2224" WIDTH="118" HEIGHT="36" CONTENT="etwas" />
          </TextLine>
          <TextLine ID="TextLine_3636" HPOS="93" VPOS="2272" WIDTH="417" HEIGHT="40">
            <String ID="Word_32129" HPOS="93" VPOS="2273" WIDTH="87" HEIGHT="38" CONTENT="sehr" />
            <SP ID="SP_28498" HPOS="180" VPOS="2272" WIDTH="30" HEIGHT="0" />
            <String ID="Word_32130" HPOS="210" VPOS="2272" WIDTH="300" HEIGHT="40" CONTENT="Gewöhnliches." />
          </TextLine>
          <TextLine ID="TextLine_3637" HPOS="223" VPOS="2336" WIDTH="1462" HEIGHT="54">
            <String ID="Word_32131" HPOS="223" VPOS="2336" WIDTH="73" HEIGHT="38" CONTENT="Die" />
            <SP ID="SP_28499" HPOS="296" VPOS="2336" WIDTH="44" HEIGHT="0" />
            <String ID="Word_32132" HPOS="340" VPOS="2336" WIDTH="126" HEIGHT="49" CONTENT="Frage" />
            <SP ID="SP_28500" HPOS="466" VPOS="2336" WIDTH="44" HEIGHT="0" />
            <String ID="Word_32133" HPOS="510" VPOS="2338" WIDTH="47" HEIGHT="37" CONTENT="ob" />
            <SP ID="SP_28501" HPOS="557" VPOS="2338" WIDTH="43" HEIGHT="0" />
            <String ID="Word_32134" HPOS="600" VPOS="2339" WIDTH="66" HEIGHT="36" CONTENT="der" />
            <SP ID="SP_28502" HPOS="666" VPOS="2338" WIDTH="39" HEIGHT="0" />
            <String ID="Word_32135" HPOS="705" VPOS="2338" WIDTH="305" HEIGHT="49" CONTENT="Hospitalbrand" />
            <SP ID="SP_28503" HPOS="1010" VPOS="2338" WIDTH="48" HEIGHT="0" />
            <String ID="Word_32136" HPOS="1058" VPOS="2339" WIDTH="98" HEIGHT="38" CONTENT="ohne" />
            <SP ID="SP_28504" HPOS="1156" VPOS="2339" WIDTH="46" HEIGHT="0" />
            <String ID="Word_32137" HPOS="1202" VPOS="2339" WIDTH="182" HEIGHT="38" CONTENT="ärztliche" />
            <SP ID="SP_28505" HPOS="1384" VPOS="2339" WIDTH="43" HEIGHT="0" />
            <String ID="Word_32138" HPOS="1427" VPOS="2339" WIDTH="258" HEIGHT="51" CONTENT="Behandlung" />
          </TextLine>
          <TextLine ID="TextLine_3638" HPOS="94" VPOS="2389" WIDTH="1590" HEIGHT="49">
            <String ID="Word_32139" HPOS="94" VPOS="2393" WIDTH="194" HEIGHT="45" CONTENT="spontan" />
            <SP ID="SP_28506" HPOS="288" VPOS="2389" WIDTH="33" HEIGHT="0" />
            <String ID="Word_32140" HPOS="321" VPOS="2389" WIDTH="155" HEIGHT="38" CONTENT="heilen" />
            <SP ID="SP_28507" HPOS="476" VPOS="2389" WIDTH="28" HEIGHT="0" />
            <String ID="Word_32141" HPOS="504" VPOS="2391" WIDTH="127" HEIGHT="37" CONTENT="könne" />
            <SP ID="SP_28508" HPOS="631" VPOS="2391" WIDTH="32" HEIGHT="0" />
            <String ID="Word_32142" HPOS="663" VPOS="2392" WIDTH="94" HEIGHT="37" CONTENT="wird" />
            <SP ID="SP_28509" HPOS="757" VPOS="2392" WIDTH="32" HEIGHT="0" />
            <String ID="Word_32143" HPOS="789" VPOS="2405" WIDTH="72" HEIGHT="24" CONTENT="von" />
            <SP ID="SP_28510" HPOS="861" VPOS="2392" WIDTH="29" HEIGHT="0" />
            <String ID="Word_32144" HPOS="890" VPOS="2392" WIDTH="140" HEIGHT="38" CONTENT="frühen" />
            <SP ID="SP_28511" HPOS="1030" VPOS="2392" WIDTH="29" HEIGHT="0" />
            <String ID="Word_32145" HPOS="1059" VPOS="2392" WIDTH="177" HEIGHT="38" CONTENT="Autoren" />
            <SP ID="SP_28512" HPOS="1236" VPOS="2392" WIDTH="31" HEIGHT="0" />
            <String ID="Word_32146" HPOS="1267" VPOS="2393" WIDTH="166" HEIGHT="37" CONTENT="vielfach" />
            <SP ID="SP_28513" HPOS="1433" VPOS="2393" WIDTH="28" HEIGHT="0" />
            <String ID="Word_32147" HPOS="1461" VPOS="2393" WIDTH="223" HEIGHT="38" CONTENT="behandelt." />
          </TextLine>
          <TextLine ID="TextLine_3639" HPOS="95" VPOS="2442" WIDTH="1590" HEIGHT="42">
            <String ID="Word_32148" HPOS="95" VPOS="2443" WIDTH="177" HEIGHT="37" CONTENT="Kieser" />
            <SP ID="SP_28514" HPOS="272" VPOS="2443" WIDTH="41" HEIGHT="0" />
            <String ID="Word_32149" HPOS="313" VPOS="2443" WIDTH="76" HEIGHT="37" CONTENT="und" />
            <SP ID="SP_28515" HPOS="389" VPOS="2442" WIDTH="38" HEIGHT="0" />
            <String ID="Word_32150" HPOS="427" VPOS="2442" WIDTH="283" HEIGHT="40" CONTENT="Neudörfer" />
            <SP ID="SP_28516" HPOS="710" VPOS="2442" WIDTH="41" HEIGHT="0" />
            <String ID="Word_32151" HPOS="751" VPOS="2445" WIDTH="227" HEIGHT="37" CONTENT="verneinten" />
            <SP ID="SP_28517" HPOS="978" VPOS="2445" WIDTH="45" HEIGHT="0" />
            <String ID="Word_32152" HPOS="1023" VPOS="2446" WIDTH="114" HEIGHT="37" CONTENT="diese." />
            <SP ID="SP_28518" HPOS="1137" VPOS="2446" WIDTH="73" HEIGHT="0" />
            <String ID="Word_32153" HPOS="1210" VPOS="2446" WIDTH="109" HEIGHT="38" CONTENT="Doch" />
            <SP ID="SP_28519" HPOS="1319" VPOS="2446" WIDTH="46" HEIGHT="0" />
            <String ID="Word_32154" HPOS="1365" VPOS="2446" WIDTH="100" HEIGHT="38" CONTENT="habe" />
            <SP ID="SP_28520" HPOS="1465" VPOS="2446" WIDTH="48" HEIGHT="0" />
            <String ID="Word_32155" HPOS="1513" VPOS="2446" WIDTH="62" HEIGHT="38" CONTENT="ich" />
            <SP ID="SP_28521" HPOS="1575" VPOS="2446" WIDTH="48" HEIGHT="0" />
            <String ID="Word_32156" HPOS="1623" VPOS="2447" WIDTH="62" HEIGHT="37" CONTENT="bei" />
          </TextLine>
          <TextLine ID="TextLine_3640" HPOS="97" VPOS="2495" WIDTH="1587" HEIGHT="54">
            <String ID="Word_32157" HPOS="97" VPOS="2496" WIDTH="66" HEIGHT="36" CONTENT="der" />
            <SP ID="SP_28522" HPOS="163" VPOS="2495" WIDTH="29" HEIGHT="0" />
            <String ID="Word_32158" HPOS="192" VPOS="2495" WIDTH="253" HEIGHT="51" CONTENT="Darstellung" />
            <SP ID="SP_28523" HPOS="445" VPOS="2495" WIDTH="38" HEIGHT="0" />
            <String ID="Word_32159" HPOS="483" VPOS="2497" WIDTH="64" HEIGHT="37" CONTENT="des" />
            <SP ID="SP_28524" HPOS="547" VPOS="2496" WIDTH="30" HEIGHT="0" />
            <String ID="Word_32160" HPOS="577" VPOS="2496" WIDTH="205" HEIGHT="39" CONTENT="Verlaufes" />
            <SP ID="SP_28525" HPOS="782" VPOS="2496" WIDTH="31" HEIGHT="0" />
            <String ID="Word_32161" HPOS="813" VPOS="2499" WIDTH="65" HEIGHT="36" CONTENT="des" />
            <SP ID="SP_28526" HPOS="878" VPOS="2498" WIDTH="30" HEIGHT="0" />
            <String ID="Word_32162" HPOS="908" VPOS="2498" WIDTH="349" HEIGHT="50" CONTENT="Hospitalbrandes" />
            <SP ID="SP_28527" HPOS="1257" VPOS="2498" WIDTH="36" HEIGHT="0" />
            <String ID="Word_32163" HPOS="1293" VPOS="2500" WIDTH="120" HEIGHT="37" CONTENT="schon" />
            <SP ID="SP_28528" HPOS="1413" VPOS="2500" WIDTH="29" HEIGHT="0" />
            <String ID="Word_32164" HPOS="1442" VPOS="2500" WIDTH="242" HEIGHT="49" CONTENT="angegeben," />
          </TextLine>
          <TextLine ID="TextLine_3641" HPOS="97" VPOS="2548" WIDTH="1588" HEIGHT="55">
            <String ID="Word_32165" HPOS="97" VPOS="2549" WIDTH="85" HEIGHT="37" CONTENT="dass" />
            <SP ID="SP_28529" HPOS="182" VPOS="2548" WIDTH="29" HEIGHT="0" />
            <String ID="Word_32166" HPOS="211" VPOS="2548" WIDTH="385" HEIGHT="52" CONTENT="Spontanheilungen" />
            <SP ID="SP_28530" HPOS="596" VPOS="2548" WIDTH="30" HEIGHT="0" />
            <String ID="Word_32167" HPOS="626" VPOS="2551" WIDTH="190" HEIGHT="37" CONTENT="durchaus" />
            <SP ID="SP_28531" HPOS="816" VPOS="2551" WIDTH="29" HEIGHT="0" />
            <String ID="Word_32168" HPOS="845" VPOS="2551" WIDTH="106" HEIGHT="38" CONTENT="nicht" />
            <SP ID="SP_28532" HPOS="951" VPOS="2551" WIDTH="29" HEIGHT="0" />
            <String ID="Word_32169" HPOS="980" VPOS="2553" WIDTH="224" HEIGHT="38" CONTENT="unmöglich" />
            <SP ID="SP_28533" HPOS="1204" VPOS="2553" WIDTH="29" HEIGHT="0" />
            <String ID="Word_32170" HPOS="1233" VPOS="2553" WIDTH="84" HEIGHT="38" CONTENT="sind" />
            <SP ID="SP_28534" HPOS="1317" VPOS="2553" WIDTH="35" HEIGHT="0" />
            <String ID="Word_32171" HPOS="1352" VPOS="2553" WIDTH="166" HEIGHT="38" CONTENT="sondern" />
            <SP ID="SP_28535" HPOS="1518" VPOS="2553" WIDTH="34" HEIGHT="0" />
            <String ID="Word_32172" HPOS="1552" VPOS="2553" WIDTH="133" HEIGHT="37" CONTENT="mehr-" />
          </TextLine>
          <TextLine ID="TextLine_3642" HPOS="96" VPOS="2601" WIDTH="1590" HEIGHT="54">
            <String ID="Word_32173" HPOS="96" VPOS="2601" WIDTH="89" HEIGHT="38" CONTENT="fach" />
            <SP ID="SP_28536" HPOS="185" VPOS="2601" WIDTH="24" HEIGHT="0" />
            <String ID="Word_32174" HPOS="209" VPOS="2602" WIDTH="190" HEIGHT="37" CONTENT="berichtet" />
            <SP ID="SP_28537" HPOS="399" VPOS="2602" WIDTH="26" HEIGHT="0" />
            <String ID="Word_32175" HPOS="425" VPOS="2604" WIDTH="169" HEIGHT="37" CONTENT="wurden." />
            <SP ID="SP_28538" HPOS="594" VPOS="2603" WIDTH="48" HEIGHT="0" />
            <String ID="Word_32176" HPOS="642" VPOS="2603" WIDTH="147" HEIGHT="38" CONTENT="Heine" />
            <SP ID="SP_28539" HPOS="789" VPOS="2603" WIDTH="30" HEIGHT="0" />
            <String ID="Word_32177" HPOS="819" VPOS="2604" WIDTH="68" HEIGHT="37" CONTENT="sah" />
            <SP ID="SP_28540" HPOS="887" VPOS="2604" WIDTH="27" HEIGHT="0" />
            <String ID="Word_32178" HPOS="914" VPOS="2605" WIDTH="73" HEIGHT="37" CONTENT="den" />
            <SP ID="SP_28541" HPOS="987" VPOS="2605" WIDTH="22" HEIGHT="0" />
            <String ID="Word_32179" HPOS="1009" VPOS="2605" WIDTH="308" HEIGHT="50" CONTENT="Hospitalbrand" />
            <SP ID="SP_28542" HPOS="1317" VPOS="2605" WIDTH="29" HEIGHT="0" />
            <String ID="Word_32180" HPOS="1346" VPOS="2606" WIDTH="122" HEIGHT="38" CONTENT="selbst" />
            <SP ID="SP_28543" HPOS="1468" VPOS="2606" WIDTH="28" HEIGHT="0" />
            <String ID="Word_32181" HPOS="1496" VPOS="2607" WIDTH="190" HEIGHT="37" CONTENT="nachdem" />
          </TextLine>
          <TextLine ID="TextLine_3643" HPOS="98" VPOS="2654" WIDTH="1586" HEIGHT="52">
            <String ID="Word_32182" HPOS="98" VPOS="2667" WIDTH="41" HEIGHT="25" CONTENT="er" />
            <SP ID="SP_28544" HPOS="139" VPOS="2654" WIDTH="29" HEIGHT="0" />
            <String ID="Word_32183" HPOS="168" VPOS="2654" WIDTH="246" HEIGHT="50" CONTENT="tiefgehende" />
            <SP ID="SP_28545" HPOS="414" VPOS="2654" WIDTH="31" HEIGHT="0" />
            <String ID="Word_32184" HPOS="445" VPOS="2656" WIDTH="286" HEIGHT="50" CONTENT="Zerstörungen" />
            <SP ID="SP_28546" HPOS="731" VPOS="2656" WIDTH="32" HEIGHT="0" />
            <String ID="Word_32185" HPOS="763" VPOS="2657" WIDTH="215" HEIGHT="39" CONTENT="veranlasst" />
            <SP ID="SP_28547" HPOS="978" VPOS="2657" WIDTH="28" HEIGHT="0" />
            <String ID="Word_32186" HPOS="1006" VPOS="2659" WIDTH="118" HEIGHT="38" CONTENT="hatte," />
            <SP ID="SP_28548" HPOS="1124" VPOS="2659" WIDTH="32" HEIGHT="0" />
            <String ID="Word_32187" HPOS="1156" VPOS="2662" WIDTH="114" HEIGHT="35" CONTENT="unter" />
            <SP ID="SP_28549" HPOS="1270" VPOS="2659" WIDTH="31" HEIGHT="0" />
            <String ID="Word_32188" HPOS="1301" VPOS="2659" WIDTH="203" HEIGHT="38" CONTENT="einfachen" />
            <SP ID="SP_28550" HPOS="1504" VPOS="2658" WIDTH="20" HEIGHT="0" />
            <String ID="Word_32189" HPOS="1524" VPOS="2658" WIDTH="160" HEIGHT="38" CONTENT="Warm-" />
          </TextLine>
          <TextLine ID="TextLine_3644" HPOS="98" VPOS="2708" WIDTH="1587" HEIGHT="54">
            <String ID="Word_32190" HPOS="98" VPOS="2708" WIDTH="394" HEIGHT="51" CONTENT="wasserumschlägen" />
            <SP ID="SP_28551" HPOS="492" VPOS="2708" WIDTH="43" HEIGHT="0" />
            <String ID="Word_32191" HPOS="535" VPOS="2710" WIDTH="217" HEIGHT="38" CONTENT="stillstehen" />
            <SP ID="SP_28552" HPOS="752" VPOS="2710" WIDTH="41" HEIGHT="0" />
            <String ID="Word_32192" HPOS="793" VPOS="2711" WIDTH="76" HEIGHT="37" CONTENT="und" />
            <SP ID="SP_28553" HPOS="869" VPOS="2711" WIDTH="43" HEIGHT="0" />
            <String ID="Word_32193" HPOS="912" VPOS="2711" WIDTH="60" HEIGHT="38" CONTENT="die" />
            <SP ID="SP_28554" HPOS="972" VPOS="2711" WIDTH="44" HEIGHT="0" />
            <String ID="Word_32194" HPOS="1016" VPOS="2712" WIDTH="154" HEIGHT="38" CONTENT="Wunde" />
            <SP ID="SP_28555" HPOS="1170" VPOS="2712" WIDTH="30" HEIGHT="0" />
            <String ID="Word_32195" HPOS="1200" VPOS="2713" WIDTH="97" HEIGHT="37" CONTENT="nach" />
            <SP ID="SP_28556" HPOS="1297" VPOS="2712" WIDTH="40" HEIGHT="0" />
            <String ID="Word_32196" HPOS="1337" VPOS="2712" WIDTH="246" HEIGHT="50" CONTENT="Abstossung" />
            <SP ID="SP_28557" HPOS="1583" VPOS="2712" WIDTH="36" HEIGHT="0" />
            <String ID="Word_32197" HPOS="1619" VPOS="2713" WIDTH="66" HEIGHT="38" CONTENT="des" />
          </TextLine>
          <TextLine ID="TextLine_3645" HPOS="98" VPOS="2760" WIDTH="1584" HEIGHT="54">
            <String ID="Word_32198" HPOS="98" VPOS="2760" WIDTH="222" HEIGHT="50" CONTENT="Brandigen" />
            <SP ID="SP_28558" HPOS="320" VPOS="2760" WIDTH="29" HEIGHT="0" />
            <String ID="Word_32199" HPOS="349" VPOS="2761" WIDTH="139" HEIGHT="39" CONTENT="heilen." />
            <SP ID="SP_28559" HPOS="488" VPOS="2761" WIDTH="41" HEIGHT="0" />
            <String ID="Word_32200" HPOS="529" VPOS="2762" WIDTH="206" HEIGHT="38" CONTENT="Natürlich" />
            <SP ID="SP_28560" HPOS="735" VPOS="2762" WIDTH="20" HEIGHT="0" />
            <String ID="Word_32201" HPOS="755" VPOS="2764" WIDTH="130" HEIGHT="37" CONTENT="würde" />
            <SP ID="SP_28561" HPOS="885" VPOS="2764" WIDTH="31" HEIGHT="0" />
            <String ID="Word_32202" HPOS="916" VPOS="2778" WIDTH="87" HEIGHT="24" CONTENT="man" />
            <SP ID="SP_28562" HPOS="1003" VPOS="2765" WIDTH="30" HEIGHT="0" />
            <String ID="Word_32203" HPOS="1033" VPOS="2765" WIDTH="82" HEIGHT="38" CONTENT="sich" />
            <SP ID="SP_28563" HPOS="1115" VPOS="2765" WIDTH="20" HEIGHT="0" />
            <String ID="Word_32204" HPOS="1135" VPOS="2766" WIDTH="70" HEIGHT="38" CONTENT="auf" />
            <SP ID="SP_28564" HPOS="1205" VPOS="2766" WIDTH="26" HEIGHT="0" />
            <String ID="Word_32205" HPOS="1231" VPOS="2766" WIDTH="83" HEIGHT="37" CONTENT="eine" />
            <SP ID="SP_28565" HPOS="1314" VPOS="2765" WIDTH="23" HEIGHT="0" />
            <String ID="Word_32206" HPOS="1337" VPOS="2765" WIDTH="128" HEIGHT="38" CONTENT="solche" />
            <SP ID="SP_28566" HPOS="1465" VPOS="2765" WIDTH="22" HEIGHT="0" />
            <String ID="Word_32207" HPOS="1487" VPOS="2765" WIDTH="195" HEIGHT="38" CONTENT="Spontan-" />
          </TextLine>
          <TextLine ID="TextLine_3646" HPOS="99" VPOS="2813" WIDTH="787" HEIGHT="49">
            <String ID="Word_32208" HPOS="99" VPOS="2813" WIDTH="158" HEIGHT="49" CONTENT="heilung" />
            <SP ID="SP_28567" HPOS="257" VPOS="2813" WIDTH="29" HEIGHT="0" />
            <String ID="Word_32209" HPOS="286" VPOS="2814" WIDTH="39" HEIGHT="36" CONTENT="in" />
            <SP ID="SP_28568" HPOS="325" VPOS="2814" WIDTH="29" HEIGHT="0" />
            <String ID="Word_32210" HPOS="354" VPOS="2814" WIDTH="153" HEIGHT="39" CONTENT="keinem" />
            <SP ID="SP_28569" HPOS="507" VPOS="2814" WIDTH="30" HEIGHT="0" />
            <String ID="Word_32211" HPOS="537" VPOS="2816" WIDTH="107" HEIGHT="38" CONTENT="Falle" />
            <SP ID="SP_28570" HPOS="644" VPOS="2815" WIDTH="32" HEIGHT="0" />
            <String ID="Word_32212" HPOS="676" VPOS="2815" WIDTH="210" HEIGHT="39" CONTENT="verlassen." />
          </TextLine>
        </TextBlock>
      </PrintSpace>
    </Page>
  </Layout>
</alto>
