2107 3450
230 296 385 35 DEVELOPMENTAL
648 296 192 32 DEFECTS
874 295 54 33 OF
960 296 88 33 THE
1082 296 147 33 VOCAL
1262 295 282 35 MECHANISM.
1636 282 84 50 137

116 502 343 58 Developmental
480 502 162 52 Defects
663 502 51 56 of
733 502 66 43 the
831 501 130 43 Vocal
982 501 276 43 Mechanism,
1280 514 49 29 as
1351 499 238 58 Displayed
1610 500 51 42 in

807 572 160 58 Speech.

121 708 76 56 (1.)
228 707 136 43 There
389 721 97 29 may
507 707 52 43 be
582 721 47 29 so
651 710 123 53 great
796 720 25 29 a
842 705 146 44 defect
1010 705 45 43 of
1078 705 312 44 development
1412 704 47 44 in
1483 704 75 43 the
1581 704 139 43 Vocal

57 779 277 43 Mechanism
358 779 96 43 that
486 779 433 57 Voice-production,
952 793 110 29 even
1094 778 46 42 in
1174 778 75 43 the
1281 777 155 57 crying
1458 777 45 42 of
1524 776 196 52 infancy,

56 851 37 42 is
128 851 263 56 impossible.
457 852 53 41 If,
533 852 45 41 in
615 851 108 43 such
757 865 132 29 cases,
912 851 76 43 the
1023 851 160 43 lar'ix
1220 851 37 42 is
1291 855 78 38 not
1402 864 109 29 even
1536 849 99 43 able
1674 856 43 35 to

56 928 71 38 act
171 923 107 42 with
320 923 221 45 sufficient
594 924 156 57 vigour
801 929 45 38 to
899 924 192 57 produce
1141 924 74 43 the
1268 923 184 57 spiritus
1504 937 124 42 asper
1675 923 47 41 of

57 995 297 56 "Whispering,
387 996 75 43 the
495 997 171 56 patient
700 997 91 43 will
829 997 265 43 necessarily
1133 997 53 42 be
1225 997 149 42 dumb.
1442 996 95 43 One
1572 995 45 43 of
1650 995 70 43 Sir

57 1067 198 44 William
288 1068 184 44 Wilde's
505 1084 119 29 cases
657 1084 140 29 seems
830 1074 44 38 to
908 1070 112 42 have
1053 1068 214 44 belonged
1300 1074 44 38 to
1377 1068 90 43 this
1500 1072 218 51 category,

57 1140 79 42 but
160 1146 43 37 to
228 1142 109 42 have
370 1143 246 55 presented,
649 1147 45 38 at
726 1143 75 42 the
831 1157 119 28 same
973 1142 118 52 time,
1114 1141 341 43 malformation,
1478 1140 86 43 and
1598 1154 118 29 some

57 1213 155 55 degree
249 1214 45 42 of
331 1215 250 56 congenital
618 1215 227 56 paralysis,
878 1215 44 42 of
959 1214 75 43 the
1074 1213 106 43 Oral
1210 1213 299 43 Articulative
1548 1227 167 29 organs.

56 1284 90 43 The
186 1299 96 29 case
320 1300 90 28 was
448 1286 98 42 that
588 1287 45 41 of
674 1300 58 28 an
774 1286 264 56 intelligent,
1081 1284 304 51 well-formed,
1429 1284 288 55 agricultural

54 1357 213 54 labourer,
289 1358 108 56 aged
429 1363 178 51 twenty,
632 1359 95 41 who
751 1372 88 28 was
863 1357 265 56 completely
1151 1357 150 50 dumb,
1324 1356 87 42 and
1435 1360 19 17 "
1471 1356 245 56 seemingly

51 1435 79 37 not
172 1431 179 56 capable
395 1431 48 42 of
479 1432 153 55 giving
673 1430 255 43 expression
972 1435 44 37 to
1060 1444 110 28 even
1213 1430 283 42 inarticulate
1538 1429 175 44 sounds.

54 1502 86 42 His
182 1502 183 43 hearing
397 1517 88 28 was
518 1509 127 36 acute
689 1502 86 42 and
819 1506 176 38 correct,
1039 1501 87 42 and
1172 1501 55 43 he
1277 1500 85 43 had
1414 1515 57 28 no
1523 1501 193 43 cerebral

53 1573 203 43 disease."

113 1647 75 53 (2.)
224 1646 90 43 The
336 1647 136 43 Voice
495 1661 100 28 may
620 1646 141 43 retain
785 1646 161 56 during
968 1645 78 43 life
1070 1645 99 43 that
1191 1645 299 58 disagreeable
1514 1649 20 19 "
1551 1646 127 43 crack
1695 1645 20 19 "

52 1720 144 41 which
219 1720 45 42 in
299 1720 73 43 the
406 1720 171 43 normal
609 1720 226 43 condition
869 1719 37 43 is
940 1720 57 43 its
1030 1719 264 57 peculiarity
1318 1720 105 56 only
1448 1719 159 57 during
1639 1720 76 43 the

50 1792 150 56 period
223 1793 44 42 of
288 1798 202 51 puberty.
554 1792 106 43 This
683 1793 37 42 is
743 1791 173 44 stated1
940 1797 44 38 to
1017 1792 53 43 be
1093 1807 25 28 a
1151 1793 208 56 frequent
1380 1792 268 57 peculiarity
1671 1793 46 42 of

50 1863 75 43 the
148 1864 122 43 voice
292 1865 47 41 in
362 1864 126 42 adult
509 1864 144 43 idiots.

112 1936 73 55 (3.)
221 1936 90 43 The
334 1937 123 43 voice
479 1951 100 42 may
603 1936 80 43 fail
705 1940 44 39 to
783 1936 194 44 undergo
1001 1937 75 43 the
1103 1936 129 44 usual
1255 1937 167 43 change
1444 1942 46 37 at
1512 1941 203 53 puberty,

48 2008 87 42 and
158 2023 101 41 may
282 2009 141 42 retain
448 2009 270 43 throughout
750 2009 76 43 life
850 2009 132 43 much
1006 2010 45 42 of
1082 2009 72 43 the
1177 2009 169 57 puerile
1369 2009 225 44 character
1625 2011 87 43 and

47 2086 134 49 pitch.

108 2152 79 55 (4.)
221 2151 91 43 The
343 2158 122 50 great
497 2152 355 57 developmental
884 2153 224 43 Neurosis,
1131 2154 47 42 in
1211 2154 248 42 connexion
1495 2154 104 42 with
1636 2155 76 43 the

48 2224 138 43 Vocal
211 2222 288 45 Mechanism,
522 2225 36 42 is
582 2225 314 57 Stammering;
918 2225 146 43 which
1081 2226 178 57 usually
1277 2240 183 42 appears
1483 2225 128 44 when
1636 2227 75 43 the

47 2296 118 43 child
201 2297 95 42 first
330 2297 152 57 begins
517 2302 44 38 to
597 2298 147 56 speak,
767 2312 47 28 or
842 2312 109 29 very
973 2313 106 28 soon
1115 2298 247 43 thereafter.
1428 2298 91 44 The
1553 2305 157 38 nature

46 2369 87 43 and
158 2369 276 56 phenomena
457 2370 47 42 of
533 2370 290 56 stammering
845 2370 124 43 have,
993 2371 45 41 in
1065 2370 75 43 the
1175 2371 94 42 first
1303 2370 195 57 chapter,
1531 2372 179 57 already

46 2442 110 42 been
179 2441 235 57 explained
433 2458 10 39 ;
466 2442 80 43 but
567 2442 37 43 it
624 2442 39 44 is
686 2442 101 43 here
806 2442 99 43 well
921 2448 44 37 to
984 2443 246 43 remember
1248 2442 97 43 that
1362 2443 36 42 it
1414 2443 37 42 is
1470 2457 83 29 one
1571 2444 47 42 of
1633 2444 75 44 the

43 2519 115 38 most
194 2514 252 56 important,
470 2515 190 56 perhaps
695 2515 77 43 the
807 2520 115 38 most
955 2516 257 56 important,
1236 2515 45 43 of
1315 2514 60 44 all
1400 2515 73 44 the
1508 2517 199 56 Develop-

42 2588 160 42 mental
233 2588 226 42 Disorders
490 2589 47 42 of
567 2588 177 44 Speech.
809 2588 55 42 In
902 2587 74 45 the
1010 2593 124 53 great
1168 2603 207 42 majority
1411 2588 48 43 of
1492 2603 132 29 cases,
1659 2603 48 29 as

41 2659 175 56 already
240 2659 246 57 explained,
508 2661 286 43 stammering
826 2660 38 44 is
897 2675 24 29 a
948 2661 114 43 fault
1084 2661 47 43 of
1150 2661 75 43 the
1248 2660 141 44 Vocal
1411 2660 295 54 Mechanism,

40 2731 88 43 and
150 2731 75 44 the
248 2745 174 30 essence
446 2733 46 42 of
522 2732 74 44 the
630 2733 112 43 fault
774 2734 38 42 is
836 2739 118 37 want
984 2734 47 42 of
1059 2734 303 56 promptitude
1395 2734 48 42 in
1475 2734 231 57 attacking

40 2805 76 43 the
153 2805 95 43 first
286 2805 208 56 syllables
531 2806 46 43 of
615 2806 151 44 words.
831 2807 45 43 It
906 2821 102 43 may
1030 2807 105 44 here
1172 2808 54 43 be
1250 2807 145 44 useful
1428 2812 45 38 to
1507 2813 198 37 contrast

40 2877 37 42 it
111 2877 109 42 with
251 2877 75 43 the
358 2877 161 44 almost
551 2878 178 57 equally
762 2878 245 57 important
1039 2880 196 43 disorder
1272 2880 48 43 of
1355 2879 170 57 Speech
1558 2879 145 42 which

41 2963 65 29 we
139 2948 110 44 have
280 2949 141 44 called
445 2950 184 57 Lalling,
656 2951 129 57 using
807 2951 90 44 this
930 2952 120 43 word
1082 2952 48 42 in
1169 2967 105 28 very
1306 2952 135 43 much
1474 2951 76 43 the
1582 2965 120 29 same

41 3035 125 29 sense
209 3035 47 29 as
299 3021 75 44 the
418 3022 214 45 Germans
687 3035 76 33 use
817 3024 75 43 the
943 3025 118 42 word
1111 3023 371 57 "Stammering"
1539 3023 163 56 (Stam-

89 3121 11 23 1
130 3120 247 50 Eulenlmrg's
406 3123 383 49 Real-Encydopadie,
817 3124 141 38 edition
997 3127 107 36 1881,
1131 3124 74 38 vol.
1233 3124 79 38 vii.,
1339 3123 130 37 article
1505 3124 21 19 "
1540 3121 162 37 Idiotie"

34 3181 50 49 by
107 3181 53 37 Dr
177 3182 57 39 W.
255 3183 155 50 Sander,
428 3196 34 38 p.
486 3188 79 35 109.
