1895 3217
369 312 90 31 THE
484 312 90 32 RED
597 311 59 33 OR
678 311 185 33 ASIATIC
886 312 392 34 ORANG-OUTANG.

1443 307 57 47 91

143 439 215 53 distance,
381 438 84 45 has
499 454 27 29 a
559 438 111 54 dull,
696 437 104 54 and,
836 438 47 45 in
919 453 121 31 some
1074 439 162 60 places,
1262 454 58 30 an
1345 454 163 32 almost

140 515 130 45 black
288 529 286 46 appearance.
643 515 46 45 It
706 513 38 47 is
763 529 57 31 on
838 514 61 45 all
916 530 123 45 parts
1058 530 110 46 very
1186 515 132 61 long;
1355 531 57 30 on
1429 516 79 45 the

139 589 211 47 fore-arm
366 591 195 45 directed
575 606 224 45 upwards,
817 591 89 45 and
921 606 56 31 on
990 597 79 39 the
1083 607 142 45 upper
1239 606 96 30 arm
1351 591 158 46 down-

142 668 161 53 wards,
320 669 82 43 but
420 666 111 46 from
547 666 58 46 its
619 667 171 61 length,
807 667 36 45 it
856 668 141 61 hangs
1017 667 168 62 shaggy
1203 668 167 53 below;
1396 667 113 46 from

140 749 79 39 the
243 743 228 45 shoulders
494 743 37 45 it
553 743 142 45 hangs
712 743 48 45 in
777 744 119 61 large
912 744 89 45 and
1017 759 154 45 massy
1188 750 131 47 tufts,
1339 743 166 54 which,

139 818 48 45 in
211 819 309 45 continuation
544 819 114 45 with
680 819 79 46 the
781 820 104 61 long
906 820 100 45 hair
1028 836 57 30 on
1107 820 80 45 the
1209 821 129 53 back,
1364 834 144 30 seems

140 902 47 38 to
218 895 112 45 form
353 910 82 31 one
458 896 103 61 long
583 911 121 30 mass
726 902 47 39 to
796 902 79 40 the
898 912 111 46 very
1033 912 149 30 centre
1206 896 50 46 of
1270 896 78 46 the
1370 896 136 61 body.

141 972 156 45 About
319 971 78 45 the
431 971 146 46 flanks
610 972 80 46 the
712 972 99 46 hair
834 972 37 46 is
895 973 183 61 equally
1100 973 119 61 long,
1245 973 91 45 and
1358 973 48 44 in
1429 972 80 45 the

140 1048 142 62 living
304 1048 170 46 animal
497 1055 124 39 must
643 1049 117 46 have
783 1050 248 45 descended
1054 1051 144 44 below
1216 1056 78 39 the
1311 1048 196 62 thighs.”

204 1125 135 45 From
363 1131 79 39 the
464 1126 237 61 preceding
724 1126 160 45 details
908 1125 50 46 of
978 1132 79 39 the
1080 1142 153 46 young
1254 1126 78 45 red
1355 1141 151 38 orang,

140 1202 92 44 and
253 1202 91 44 this
368 1202 194 60 gigantic
585 1203 245 46 Sumatran
861 1202 184 55 animal,
1069 1203 79 45 the
1178 1202 267 46 description
1467 1201 50 47 of

146 1278 92 44 this
270 1277 199 61 singular
501 1293 199 30 creature
729 1294 109 46 may
870 1281 54 43 be
960 1278 256 46 considered
1254 1294 49 30 as
1340 1278 171 61 having

141 1353 206 46 attained
369 1369 28 30 a
419 1354 299 46 considerable
737 1355 155 61 degi’ee
907 1355 51 46 of
972 1355 253 60 perfection.
1294 1355 45 45 It
1359 1356 150 44 would

141 1430 70 53 be,
252 1430 222 54 however,
517 1429 50 46 of
596 1431 136 45 much
762 1431 288 61 importance,
1085 1431 103 45 that
1222 1446 28 30 a
1283 1431 225 61 specimen

140 1505 167 62 having
340 1505 204 47 attained
576 1507 59 45 its
667 1513 239 56 maturity,
932 1508 129 45 could
1093 1508 55 45 be
1181 1507 214 61 procured
1417 1507 91 45 and

142 1583 189 44 brought
369 1582 117 46 alive
521 1589 46 39 to
602 1584 91 44 this
732 1590 205 55 country,
977 1590 104 39 that
1120 1599 59 30 an
1213 1583 293 61 opportunity

140 1657 146 61 might
330 1659 55 45 be
423 1659 198 46 afforded
664 1659 51 46 of
745 1660 216 61 studying
995 1660 79 45 the
1113 1659 262 46 disposition
1414 1660 91 44 and

140 1739 186 55 temper.
395 1735 97 45 The
525 1737 177 59 general
731 1736 261 61 impression
1026 1742 48 39 at
1107 1742 179 55 present
1317 1735 52 54 is,
1401 1735 103 45 that

140 1809 78 45 the
255 1810 185 62 docility
476 1813 91 44 and
603 1819 252 55 gentleness
900 1813 51 45 of
985 1819 79 39 the
1108 1828 152 45 young
1303 1813 202 44 becomes
1555 1847 7 15 ,

141 1886 199 45 changed
382 1887 94 45 into
520 1890 329 59 ungovernable
898 1889 202 60 ferocity,
1147 1889 90 44 and
1280 1888 103 45 that
1427 1888 80 44 the

142 1961 289 59 propensities
471 1963 50 45 of
557 1979 59 29 an
660 1964 169 45 animal
872 1966 179 44 become
1093 1979 122 30 more
1252 1964 90 44 and
1385 1978 122 30 more

144 2036 242 61 developed
409 2039 63 59 by
495 2054 92 45 age.
656 2040 120 45 How
793 2039 67 46 far
882 2041 90 44 this
996 2055 281 30 corresponds
1292 2039 115 45 with
1428 2039 80 45 the

143 2127 215 31 recession
382 2113 50 45 of
445 2114 78 45 the
547 2114 226 47 foreheads
798 2115 49 46 of
861 2123 77 38 the
961 2116 129 45 adult
1113 2116 155 53 skulls,
1294 2115 37 45 it
1356 2116 152 44 would

142 2189 53 44 be
225 2188 263 63 interesting
520 2196 46 41 to
599 2197 152 49 trace;
793 2193 90 45 and
915 2207 70 30 we
1019 2207 82 30 can
1131 2193 107 60 only
1260 2192 114 45 hope
1404 2192 103 44 that

141 2272 79 38 the
255 2281 314 44 perseverance
605 2267 51 45 of
686 2283 121 31 some
843 2269 293 61 enteip)rising
1167 2269 211 45 traveller
1411 2269 97 45 will

141 2355 175 47 erelong
338 2343 158 45 enable
518 2359 55 29 us
595 2349 47 40 to
659 2344 138 61 judge
816 2344 50 46 of
879 2351 126 39 these
1029 2345 197 45 singular
1248 2351 258 39 structures.

194 2417 90 45 We
298 2418 116 45 have
432 2434 106 46 only
555 2436 104 30 now
675 2428 46 39 to
739 2427 144 39 notice
897 2422 78 45 the
993 2422 293 46 illustrations
1304 2437 69 30 we
1390 2422 117 45 have

142 2493 145 45 added
315 2501 45 38 to
383 2495 91 45 this
498 2497 184 61 already
703 2498 105 60 long
830 2499 165 44 article.
1065 2500 131 59 They
1219 2514 117 30 were
1365 2497 141 47 fortu-

142 2575 157 56 nately
316 2573 210 59 procured
549 2574 62 60 by
633 2580 78 39 the
735 2575 240 46 assistance
998 2574 50 47 of
1063 2591 26 29 a
1106 2576 144 45 clever
1267 2576 239 61 draughts-
