2113 3404
756 263 87 31 THE
876 264 241 35 DISORDKKS
1148 267 54 32 OF
1233 268 175 33 SPEECH.

271 247 83 43 176

269 389 47 29 as
349 376 268 59 Gutenberg,
656 380 94 43 who
788 384 172 42 worked
998 391 44 36 at
1080 385 155 44 Mainz.
1297 387 129 42 Aftpr
1463 401 24 28 a
1524 392 111 37 most
1671 389 212 43 elaborate

271 449 295 43 examination
589 451 46 41 of
653 451 74 43 the
761 453 217 52 evidence,
1011 456 72 42 the
1116 457 177 41 authors
1325 458 46 41 of
1399 458 73 42 the
1501 457 148 43 article
1682 459 204 42 conclude

271 517 287 45 thus:—"As
581 520 72 43 the
670 536 95 28 case
788 523 148 43 stands
954 529 44 37 at
1019 530 185 50 present,
1222 525 221 43 therefore,
1464 540 61 28 we
1548 526 107 42 have
1673 540 54 28 no
1744 527 144 42 choice

271 587 81 43 but
375 593 43 37 to
441 602 75 42 say
535 590 95 42 that
653 591 72 42 the
747 592 227 43 invention
999 596 46 39 of
1062 595 196 54 printing
1277 595 104 42 with
1400 596 195 41 movable
1613 595 130 42 metal
1765 600 123 51 types

272 659 102 41 took
396 659 120 55 place
539 665 45 37 at
606 661 218 51 Haarlem,
847 663 132 41 about
1002 664 72 41 the
1105 679 101 40 year
1230 665 126 49 1445,
1378 665 56 54 by
1457 665 191 42 Lourens
1669 665 215 42 Janszoon

272 727 185 44 Coster."
506 730 252 56 Gutenberg
779 732 84 41 and
886 732 73 42 the
982 732 122 42 other
1127 734 196 53 printers,
1339 735 262 41 established
1623 748 24 28 a
1663 735 81 42 few
1765 749 122 41 years

271 798 111 41 after
404 798 86 42 this
513 799 99 42 date
635 804 44 36 at
701 800 162 49 Mainz,
885 814 114 28 seem
1023 806 43 37 to
1088 802 108 42 have
1229 803 223 55 improved
1476 803 73 42 the
1572 810 66 35 art
1659 804 84 42 and
1766 804 121 42 made

271 868 36 40 it
331 882 114 28 more
468 869 200 42 artistic.1

331 935 69 57 By
424 951 148 27 means
604 939 44 40 of
679 938 73 42 the
784 939 220 55 primitive
1036 940 269 55 hand-press,
1327 955 104 41 very
1464 942 212 42 beautiful
1697 948 192 50 printing

272 1021 86 27 was
381 1007 109 42 done
514 1008 56 54 by
592 1008 74 41 the
699 1008 71 41 old
802 1009 212 54 printers;
1045 1010 79 41 but
1150 1010 74 42 the
1247 1011 119 41 work
1389 1026 85 27 was
1497 1012 150 54 slowly
1669 1013 216 41 executed.

271 1077 53 41 In
348 1082 147 37 recent
519 1079 137 49 times,
671 1084 120 49 great
811 1079 339 54 improvements
1173 1080 110 42 have
1305 1081 108 42 been
1435 1082 177 42 effected
1634 1082 44 42 in
1701 1083 187 55 rapidity

271 1148 47 40 of
336 1149 240 42 execution.
639 1150 89 40 The
751 1163 76 28 use
850 1149 45 42 of
921 1154 324 51 steam-power;
1277 1151 73 42 the
1374 1152 197 42 valuable
1593 1153 223 41 invention
1848 1155 46 39 of

271 1223 21 17 "
308 1219 330 55 stereotyping"
674 1219 170 56 (taking
875 1220 133 42 metal
1044 1225 110 37 casts
1189 1221 47 41 of
1265 1221 72 42 the
1364 1226 125 51 types
1521 1222 110 42 after
1655 1222 103 42 they
1780 1223 108 41 have

274 1290 107 41 been
414 1296 66 35 set
513 1304 84 41 up;
639 1304 45 28 so
717 1290 95 42 that
849 1291 74 41 the
965 1291 197 54 printing
1203 1292 186 41 surfaces
1431 1306 78 27 can
1551 1293 51 41 be
1643 1301 246 34 multiplied

272 1360 318 55 indefinitely);
621 1360 85 42 and
738 1361 74 42 the
844 1361 187 42 exercise
1063 1361 44 41 of
1137 1366 120 50 great
1290 1362 264 42 mechanical
1586 1363 227 55 ingenuity
1843 1364 45 40 in

272 1430 75 42 the
379 1431 296 41 construction
708 1431 45 41 of
782 1431 197 54 printing
1011 1431 246 42 machines;
1292 1432 110 41 have
1433 1432 59 41 all
1533 1433 271 41 contributed
1845 1438 43 36 to

274 1501 126 41 make
422 1506 204 49 printing,
648 1500 46 42 in
716 1501 120 41 these
858 1501 128 41 latter
1008 1501 117 55 days,
1147 1515 25 27 a
1194 1515 168 41 process
1385 1501 141 42 which
1548 1516 78 27 can
1653 1503 51 41 be
1726 1504 161 41 carried

272 1576 78 36 out
382 1570 106 42 with
519 1571 75 41 the
628 1576 112 36 most
770 1570 241 42 wonderful
1048 1570 199 55 rapidity.
1310 1571 88 41 The
1440 1571 238 42 celebrated
1720 1571 168 42 Walter

273 1641 213 41 machine,
509 1641 66 41 for
596 1640 212 55 example,
829 1640 228 55 employed
1080 1645 43 37 at
1151 1646 176 48 present
1347 1641 58 54 by
1427 1645 110 37 most
1559 1641 46 40 of
1622 1641 73 42 the
1716 1641 172 55 leading

274 1724 286 40 newspapers,
578 1710 125 42 when
725 1709 194 43 working
941 1715 45 35 at
1006 1710 56 41 its
1084 1723 178 40 average
1285 1709 143 42 speed,
1450 1710 36 41 is
1508 1710 175 41 capable
1705 1711 44 40 of
1767 1714 120 37 turn-

271 1782 78 54 ing
370 1786 75 37 out
468 1782 45 41 in
536 1796 54 27 an
613 1782 108 41 hour
746 1782 153 51 12,000
933 1781 141 55 copies
1109 1780 47 42 of
1173 1794 24 28 a
1221 1780 118 56 large
1360 1795 259 40 newspaper,
1640 1781 172 54 printed
1835 1796 52 26 on

275 1852 103 40 both
401 1851 122 42 sides.

814 2003 207 55 Printing
1032 2004 78 55 for
1131 2004 64 41 the
1217 2003 142 41 Blind.

330 2135 176 43 Within
544 2138 146 38 recent
727 2134 138 41 times,
897 2132 166 43 several
1103 2132 198 42 valuable
1343 2132 247 42 inventions
1631 2131 108 42 have
1780 2132 106 41 been

273 2206 125 42 made
420 2206 58 54 by
500 2204 246 55 modifying
767 2204 73 42 the
867 2203 265 43 letter-signs
1156 2204 44 42 of
1232 2204 74 41 the
1328 2203 203 55 alphabet
1551 2217 45 28 so
1618 2217 45 28 as
1686 2207 43 38 to
1760 2203 124 41 make

271 2277 120 41 them
434 2275 213 42 available
699 2275 65 40 for
815 2274 159 55 special
1016 2288 220 41 purposes.
1317 2274 172 41 Among
1535 2273 119 42 these
1695 2287 99 41 may
1836 2273 51 41 be

273 2345 251 43 mentioned
545 2345 75 42 the
641 2344 345 42 representation
1019 2344 43 41 of
1093 2343 74 42 the
1188 2343 149 42 letters
1360 2344 56 54 by
1439 2343 73 42 the
1535 2343 224 41 combined
1791 2343 94 41 dots

273 2417 85 41 and
381 2416 152 42 dashes
556 2414 229 56 employed
806 2415 45 40 in
878 2414 73 41 the
974 2414 144 41 Morse
1140 2417 162 38 system
1324 2414 44 40 of
1390 2413 273 55 telegraphy;
1693 2412 89 42 also
1815 2413 72 41 the

272 2487 110 41 lines
415 2485 85 42 and
522 2485 97 41 dots
641 2484 106 41 used
778 2483 66 42 for
867 2487 203 50 phonetic
1098 2482 233 42 shorthand
1366 2483 183 41 writing.
1611 2483 44 41 It
1677 2482 87 41 will
1786 2482 99 41 here

273 2562 79 37 not
381 2556 54 41 be
466 2568 227 29 necessary
725 2558 43 36 to
801 2567 76 40 say
909 2552 213 55 anything
1153 2557 129 36 about
1305 2552 138 42 either
1473 2555 46 39 of
1546 2552 119 42 these
1688 2552 196 42 valuable

274 2626 259 42 inventions.
596 2624 93 41 Nor
721 2623 90 40 will
842 2623 35 40 it
908 2623 52 41 be
992 2635 225 41 necessary
1249 2626 43 36 to
1324 2622 190 41 describe
1545 2622 74 42 the
1645 2622 117 42 signs
1784 2622 103 41 used

273 2697 66 41 for
370 2693 181 44 musical
583 2698 219 36 notation;
834 2706 78 27 nor
945 2691 72 42 the
1047 2691 190 42 symbols
1269 2691 95 41 that
1394 2691 109 42 have
1535 2692 107 42 been
1671 2691 217 50 invented,

272 2767 109 41 from
406 2765 45 40 of
470 2763 83 42 old,
575 2763 66 40 for
672 2760 303 51 arithmetical,
996 2760 224 56 algebraic,
1242 2760 84 42 and
1351 2761 300 41 astronomical
1672 2774 214 42 purposes.

274 2836 89 42 But
396 2838 103 36 with
534 2831 150 43 regard
717 2837 42 36 to
792 2845 117 28 some
941 2831 46 41 of
1015 2830 73 42 the
1119 2829 84 42 last
1235 2830 246 42 mentioned
1509 2831 22 40 I
1566 2844 96 41 may
1684 2836 127 48 quote
1834 2844 52 27 an

318 2934 10 22 1
358 2932 36 36 It
411 2929 136 38 should
564 2929 46 36 be
637 2928 113 36 noted
768 2931 82 32 that
869 2926 63 37 the
960 2931 74 32 arts
1053 2926 39 37 of
1118 2926 303 48 Block-printing
1439 2927 70 35 and
1540 2926 40 36 of
1604 2926 171 36 Printing
1792 2925 91 36 from

271 2991 174 38 Movable
463 2990 123 47 Types
604 3000 94 24 were
717 2987 90 36 botli
828 2986 179 49 practised
1027 2987 39 35 in
1087 2986 120 36 China
1232 2986 72 35 and
1331 2986 120 36 Japan
1477 2986 56 36 for
1558 2986 182 36 centuries
1766 2985 119 35 before

271 3054 89 35 they
378 3063 100 25 arose
497 3050 39 35 in
555 3049 156 46 Europe.
