2107 3450
1560 3210 26 43 3
1609 3221 29 31 a

596 280 245 32 COMPOUND
875 281 235 31 VARIETIES
1146 280 55 32 OF
1235 280 206 32 APHASIA.

1761 270 84 41 309

173 402 302 56 case-taking;
509 402 87 43 and
626 402 65 55 (3)
716 405 45 39 to
784 402 103 42 take
910 415 71 42 np,
1005 401 47 42 in
1076 400 75 43 the
1175 404 108 39 next
1306 414 193 42 chapter,
1522 399 76 44 the
1622 399 219 43 consider-

177 473 121 43 ation
321 474 47 42 of
388 475 74 42 the
486 474 209 42 relations
719 474 47 42 of
785 473 181 43 aphasia
989 472 86 42 and
1099 473 125 42 other
1252 472 521 56 speech-derangements
1795 475 46 39 to

178 543 265 44 Functional
464 545 234 43 Disorders
717 545 47 42 of
783 545 76 42 the
878 543 194 44 cerebral
1090 549 159 37 cortex.
1298 543 151 43 When
1473 543 22 41 I
1514 543 113 41 have
1649 542 191 43 finished

174 615 89 43 this
282 617 333 42 consideration,
633 617 23 42 I
674 616 115 44 shall
813 630 152 29 return
983 620 45 38 to
1047 615 75 43 the
1140 629 143 29 motor
1301 615 160 43 speech
1481 618 139 49 tract;
1653 614 86 42 and
1764 628 73 42 my

172 688 104 42 final
305 689 99 42 task
435 689 93 42 will
558 689 54 43 be
645 694 45 38 to
717 694 103 38 note
853 689 76 42 the
962 688 174 43 various
1160 688 191 43 diseases
1385 687 99 43 that
1507 701 101 42 may
1632 690 75 38 cut
1741 685 98 43 that

172 764 111 38 tract
300 774 154 40 across,
469 775 48 29 or
536 775 102 29 may
655 775 119 29 more
792 775 46 29 or
855 761 86 43 less
960 760 209 44 interfere
1187 759 111 44 with
1314 759 59 44 its
1392 758 271 57 conducting
1680 771 158 43 power,

171 837 46 38 at
238 832 175 44 various
436 833 137 43 levels
597 833 46 43 in
666 833 58 43 its
748 847 163 30 course.

290 998 258 44 Compound
580 999 252 44 Varieties
865 1011 55 32 of
952 1000 212 42 Aphasia
1195 1011 50 31 in
1278 1009 264 33 connexion
1575 1008 124 33 with

576 1072 210 43 Organic
817 1073 203 42 Disease
1053 1083 55 32 of
1139 1083 89 31 the
1259 1071 164 43 Brain.

227 1193 87 43 For
334 1193 77 43 the
434 1193 240 57 analytical
706 1194 134 43 study
863 1194 47 43 of
937 1193 196 57 aphasia,
1154 1207 58 29 no
1236 1207 120 29 cases
1379 1207 73 29 are
1475 1207 48 29 so
1548 1191 204 44 valuable
1784 1205 48 30 as

168 1265 158 57 simple
362 1280 119 29 cases
514 1266 46 43 of
592 1266 188 44 isolated
811 1267 142 42 lesion
984 1266 48 42 in
1065 1281 25 28 a
1122 1265 142 44 single
1297 1270 150 38 centre
1482 1279 48 29 or
1564 1268 270 52 conducting

168 1343 124 47 tract,
315 1338 108 43 such
446 1352 47 29 as
516 1353 65 28 we
603 1338 113 44 have
738 1339 194 42 hitherto
955 1339 112 42 been
1090 1337 288 44 considering.
1424 1337 91 42 But
1537 1337 36 42 it
1596 1336 160 43 should
1778 1336 54 42 be

166 1410 301 43 remembered
489 1410 99 43 that
609 1411 109 43 such
740 1411 158 57 simple
921 1425 132 36 cases,
1075 1410 307 56 representing
1404 1423 82 29 one
1509 1423 48 28 or
1579 1408 187 43 another
1787 1408 46 43 of

165 1482 76 43 the
263 1496 108 42 pure
389 1487 140 53 types,
547 1497 72 29 are
636 1483 348 56 comparatively
1000 1497 106 29 rare.
1171 1481 141 44 Much
1334 1496 119 28 more
1472 1480 265 57 commonly,
1755 1480 76 44 the

163 1554 142 43 lesion
327 1555 38 42 is
397 1558 79 39 not
507 1555 105 43 thus
646 1555 201 43 confined
870 1559 45 39 to
938 1570 25 28 a
986 1555 142 43 single
1161 1559 151 39 centre
1334 1569 48 28 or
1410 1558 126 39 tract,
1559 1553 82 43 but
1663 1554 169 43 several

163 1631 169 39 centres
354 1627 88 43 and
459 1631 136 39 tracts
613 1641 73 29 are
703 1627 209 43 involved
930 1631 47 39 at
993 1627 76 43 the
1088 1641 120 29 same
1225 1627 120 43 time.
1411 1626 71 44 On
1499 1627 77 42 the
1594 1641 82 29 one
1698 1626 134 54 hand,

165 1699 73 44 the
262 1699 167 44 disease
450 1714 105 43 may
571 1700 54 43 be
642 1715 47 28 so
708 1701 228 43 extensive
955 1714 47 29 as
1019 1704 46 39 to
1084 1700 178 43 destroy
1280 1699 169 44 several
1467 1699 45 43 of
1534 1700 76 43 the
1634 1703 172 40 centres
1823 1715 9 39 ;

162 1771 98 43 and,
283 1786 56 28 on
374 1771 77 44 the
487 1771 137 54 other,
656 1786 112 30 even
801 1772 130 44 when
966 1772 107 44 only
1105 1787 83 28 one
1224 1775 149 40 centre
1407 1771 39 43 is
1481 1771 248 57 destroyed,
1755 1771 77 44 the

163 1843 125 44 other
321 1848 169 39 centres
524 1859 105 43 may
660 1845 55 43 be
748 1845 300 43 functionally
1083 1844 233 43 disturbed
1351 1858 48 29 or
1433 1843 213 52 disabled,
1685 1844 147 57 owing

162 1915 140 44 either
323 1920 45 39 to
390 1916 76 43 the
487 1917 245 56 proximity
754 1917 44 43 of
821 1917 76 43 the
919 1916 154 44 lesion,
1091 1917 88 43 and
1202 1917 77 43 the
1302 1916 210 43 diffusion
1535 1916 47 43 of
1604 1916 226 43 irritation

161 1988 111 43 from
294 1988 48 44 it,
365 2003 48 29 or
435 1993 45 39 to
502 1989 77 43 the
601 2004 204 42 pressure
828 1990 146 43 which
1006 1990 168 43 certain
1206 1989 177 44 lesions,
1407 1989 109 43 such
1540 2003 46 29 as
1609 1989 222 44 apoplexy

162 2075 46 28 or
230 2066 189 47 tumour,
437 2076 103 42 may
558 2062 194 43 exercise
774 2077 121 42 upon
917 2062 126 43 them
1064 2063 114 42 from
1200 2076 26 29 a
1248 2062 211 43 distance.
1523 2061 134 54 Thus,
1680 2061 151 44 mixed

162 2146 48 30 or
241 2134 252 56 compound
525 2148 120 30 cases
667 2135 46 43 of
745 2135 182 43 aphasia
959 2149 73 29 are
1064 2149 121 29 more
1218 2149 204 29 common
1453 2134 112 44 than
1597 2135 159 43 simple
1783 2149 47 29 or

161 2219 109 43 pure
293 2220 115 30 ones.

222 2278 44 43 It
283 2279 159 52 would,
459 2293 56 29 no
538 2279 150 53 doubt,
705 2280 53 42 be
782 2279 348 58 comparatively
1148 2294 104 29 easy
1270 2284 45 39 to
1339 2279 198 44 describe
1559 2294 26 29 a
1608 2280 222 43 consider-

162 2350 97 44 able
282 2351 173 57 variety
477 2352 45 42 of
545 2351 124 44 these
692 2351 205 57 complex
924 2352 337 52 combinations,
1284 2353 59 57 by
1365 2352 169 58 merely
1557 2352 164 57 adding
1752 2352 78 44 the

161 2428 246 51 symptoms
429 2423 45 44 of
500 2438 82 30 one
605 2438 109 42 pure
738 2429 105 52 type
867 2429 44 38 to
944 2424 126 43 those
1103 2425 47 42 of
1180 2425 196 43 another.
1441 2423 94 44 But
1566 2424 78 44 the
1676 2425 154 44 reader

160 2509 81 29 can
263 2496 128 44 make
414 2497 124 43 these
566 2497 323 44 combinations
911 2497 67 43 for
1001 2497 191 44 himself.
1257 2498 45 42 It
1324 2497 93 43 will
1439 2498 55 43 be
1517 2497 223 44 sufficient
1761 2499 68 42 for

159 2583 69 29 me
250 2568 104 45 here
375 2575 46 38 to
444 2573 117 49 note,
582 2569 48 44 in
653 2569 76 45 the
752 2570 184 44 briefest
958 2585 198 39 manner,
1170 2570 124 45 three
1317 2571 46 43 of
1385 2571 77 44 the
1484 2575 117 40 most
1623 2586 205 29 common

159 2641 45 43 of
225 2641 76 44 the
323 2642 251 57 compound
595 2643 205 43 varieties
823 2643 46 43 of
890 2643 191 44 aphasia.

216 2713 81 57 (1.)
329 2713 139 44 There
489 2714 39 43 is
550 2714 76 43 the
658 2719 107 52 type
796 2715 45 43 of
874 2715 264 57 Compound
1161 2715 191 58 Sensory
1373 2715 212 57 Aphasia,
1607 2716 47 43 in
1677 2716 149 44 which

158 2785 106 44 both
297 2801 180 43 sensory
500 2788 329 53 centresviz.,
851 2789 77 43 the
961 2789 206 57 auditory
1190 2789 333 56 speech-centre
1551 2789 46 44 A
1628 2790 89 43 and
1747 2789 78 44 the

158 2858 143 43 visual
333 2858 169 45 Care
534 2859 210 45 involved
776 2860 211 58 together.
1051 2861 115 43 That
1191 2861 125 44 these
1347 2864 89 40 two
1469 2866 355 39 speech-centres

158 2930 158 44 should
347 2931 54 44 be
432 2945 48 30 so
513 2931 121 44 often
666 2933 211 43 involved
910 2933 201 57 together
1143 2934 202 43 becomes
1378 2934 140 57 easily
1544 2934 280 44 intelligible,

161 3002 126 43 when
330 3018 64 29 we
437 3005 244 43 remember
723 3005 100 43 that
870 3005 107 44 they
1021 3006 59 42 lie
1122 3006 49 42 in
1209 3006 341 56 juxtaposition,
1593 3006 88 43 and
1723 3010 100 39 that

159 3073 106 58 they
313 3089 72 30 are
427 3074 206 58 supplied
686 3077 59 57 by
788 3077 323 57 neighbouring
1158 3077 216 44 branches
1417 3077 45 43 of
1509 3077 76 44 the
1636 3077 185 57 Sylvian

159 3147 171 44 Artery.
