1933 3302
191 158 52 39 50

737 159 246 43 Complication
1011 166 61 27 mit
1095 161 167 34 Erysipel.

190 265 96 39 fand
310 265 61 39 die
388 265 221 39 Thatsache
634 268 225 47 auffallend,
891 270 87 37 dass
998 271 63 37 bei
1086 271 73 38 den
1176 272 134 47 vielen,
1342 273 119 39 tiefen
1481 276 77 36 und
1579 276 214 39 hässlichen

191 319 184 38 Wunden
396 319 384 54 verhältnissmässig
800 323 124 38 selten
944 323 158 50 Pyämie
1124 325 148 38 eintrat.
1297 348 44 5 —
1366 327 52 37 Es
1449 328 50 37 ist
1519 329 78 37 dies
1618 334 176 34 nament-

191 373 77 39 lich
306 373 62 37 bei
408 373 74 38 den
511 372 134 40 Fällen
688 389 72 25 von
799 375 335 40 Gelenkinfection
1172 379 218 39 auffallend.
1450 381 74 38 Wo
1555 383 65 37 das
1651 382 143 39 Gelenk

193 427 165 38 eröffnet
387 441 92 31 war,
511 428 61 38 die
602 428 174 50 Knorpel
806 430 80 37 sich
925 430 225 46 abstiessen,
1190 432 59 38 die
1279 433 311 39 Knochenenden
1619 435 79 38 sich
1730 450 64 24 ex-

193 481 184 45 foliirten,
418 481 169 51 erfolgte
624 483 190 37 trotzdem
843 482 113 39 keine
986 485 223 49 pyämische
1239 485 414 52 Allgemeininfection.
1715 490 82 37 Von

194 535 253 38 besonderem
478 535 191 39 Interesse
699 536 85 38 sind
814 536 84 38 hier
927 537 206 50 Marmy's
1164 540 69 37 auf
1259 540 211 50 objectiver
1489 541 306 39 Krankenbeob-

194 588 173 51 achtung
387 588 251 39 beruhenden
658 589 314 51 Mittheilungen.
1009 591 108 47 „Wir
1137 606 127 25 waren
1285 595 88 36 sehr
1394 595 139 37 darauf
1549 596 159 49 gefasst,
1729 599 70 34 mit

194 643 68 38 der
290 642 161 50 Pyämie
481 657 45 24 zu
556 643 97 37 thun
683 657 44 24 zu
758 643 243 48 bekommen,
1040 645 144 39 welche
1222 647 40 37 in
1289 647 237 39 Frankreich
1555 649 76 37 und
1660 648 140 39 Afrika

193 710 43 25 so
264 696 78 38 viel
371 696 145 40 Unheil
545 697 205 47 anrichtet,
781 697 99 38 doch
908 698 105 38 kann
1042 698 62 38 ich
1134 701 230 46 versichern,
1397 702 86 38 dass
1515 702 79 38 wir,
1624 715 41 25 so
1686 702 114 51 lange

194 751 68 38 der
291 749 308 52 Hospitalbrand
629 751 198 46 herrscht,
868 751 89 38 sehr
995 753 126 50 wenig
1149 753 176 49 Pyämie,
1363 755 95 38 doch
1496 755 133 51 häufig
1669 754 130 52 Sepsis

193 805 137 38 hatten
360 835 8 7 .
402 835 7 7 .
433 835 8 7 .
473 805 93 37 Man
595 805 170 50 begreift
793 805 129 47 leicht,
954 806 87 38 dass
1071 807 70 37 wir
1160 807 183 38 während
1372 809 65 37 des
1459 809 343 49 Hospitalbrandes

194 858 114 39 keine
329 859 161 50 Pyämie
510 859 148 46 hatten,
690 859 101 37 denn
821 859 126 38 sicher
975 860 85 38 sind
1090 860 60 38 die
1170 860 333 52 Absonderungen
1534 863 67 37 der
1621 863 179 38 Wunden

193 913 41 38 in
265 913 132 38 diesen
417 912 136 38 Fällen
583 913 90 38 kein
692 912 123 39 Eiter.
873 913 137 38 Dieser
1040 913 148 39 existirt
1212 928 73 24 nur
1303 928 69 25 vor
1393 916 85 37 dem
1498 916 302 38 Hospitalbrand

195 968 93 37 oder
308 967 64 37 bei
393 967 67 38 der
479 965 251 40 Abstossung
751 967 67 38 der
838 967 235 38 erkrankten
1093 967 199 39 Gewebe."
1314 991 52 4 —
1382 968 421 52 Nichtsdestoweniger

195 1034 120 25 sehen
344 1021 70 38 wir
443 1034 114 25 unter
594 1021 74 37 den
706 1020 316 39 Todesursachen
1061 1022 65 37 des
1164 1022 347 50 Hospitalbrandes
1543 1023 59 38 die
1633 1023 168 50 Compli-

195 1075 130 40 cation
369 1077 71 35 mit
469 1074 164 51 Pyämie
672 1075 135 51 häufig
851 1088 132 38 genug
1019 1075 255 39 verzeichnet.
1346 1077 192 37 Demme
1582 1077 70 37 sah
1691 1079 113 35 unter

197 1130 78 37 20Ü
306 1129 135 38 Fällen
473 1129 104 37 8mal
606 1129 75 37 den
710 1129 84 38 Tod
830 1132 115 35 unter
982 1129 87 38 dem
1098 1129 283 39 vollständigen
1411 1130 110 38 Bilde
1551 1131 66 37 der
1644 1130 158 50 Pyämie

197 1186 71 36 mit
312 1183 329 39 Schüttelfrösten
683 1184 78 37 und
805 1183 233 50 purulenten
1076 1183 311 39 Localisationen
1430 1185 37 36 in
1506 1185 71 37 den
1607 1197 196 25 einzelnen

198 1237 184 39 Organen
403 1240 204 35 eintreten.
668 1236 119 39 Grob
818 1237 108 38 hatte
955 1240 112 35 unter
1089 1240 49 34 5!>
1160 1238 424 49 Hospitalbrandfällen
1605 1238 23 36 4
1657 1237 144 38 Todes-

196 1292 96 38 fälle
322 1306 51 24 an
402 1291 352 51 Septico-Pyämie.
820 1291 46 38 In
903 1292 75 37 den
1006 1291 178 38 Berliner
1213 1291 201 38 Baracken
1444 1292 155 37 starben
1638 1291 162 48 1870/71

196 1360 77 25 von
306 1347 76 36 116
414 1345 186 38 Kranken
633 1346 20 37 7
691 1359 48 25 an
773 1345 160 50 Pyämie
969 1344 199 50 (darunter
1202 1345 209 50 allerdings
1432 1346 36 45 2,
1504 1345 143 37 welche
1667 1344 139 38 vorher

198 1401 109 38 stark
340 1400 179 51 geblutet
556 1399 167 38 hatten).
789 1399 207 38 Fischer
1034 1399 126 38 verlor
1188 1412 113 24 unter
1340 1400 49 37 56
1426 1399 248 37 Erkrankten
1703 1399 23 36 3
1756 1412 49 23 an

197 1454 174 39 Pyämie.
402 1454 215 38 Modernen
633 1453 316 39 Anschauungen
968 1453 100 38 nach
1088 1454 105 36 kann
1209 1467 89 23 man
1314 1453 138 50 jedoch
1474 1452 227 38 annehmen,
1719 1453 85 36 dass

201 1509 104 38 diese
327 1508 283 39 Complication
625 1508 64 38 bei
720 1508 105 38 einer
850 1507 198 39 erheblich
1067 1520 204 37 grösseren
1291 1505 153 39 Anzahl
1462 1519 75 25 von
1556 1506 133 37 Fällen
1717 1519 88 24 vor-

199 1564 237 49 gekommen
466 1562 83 38 sein
569 1563 139 37 werde.
767 1562 185 38 Fischer
981 1561 190 38 berichtet
1200 1561 126 50 einige
1345 1561 121 37 Fälle,
1498 1560 61 38 bei
1589 1561 121 36 denen
1740 1560 67 36 der

200 1618 307 38 Hospitalbrand
536 1631 74 23 nur
641 1617 61 37 ein
732 1616 235 38 Intermezzo
998 1615 61 38 bei
1090 1615 256 38 bestehender
1374 1614 158 50 Pyämie
1563 1614 139 37 bildete
1728 1613 77 37 und

201 1685 155 25 andere,
401 1671 64 38 bei
509 1672 124 37 denen
670 1670 72 38 mit
779 1670 154 38 Beginn
964 1670 66 37 der
1060 1669 160 38 Pyämie
1251 1669 67 37 der
1355 1667 303 51 Hospitalbrand
1694 1666 113 38 rasch

202 1726 264 39 verschwand.

697 1883 292 41 Complication
1022 1883 70 38 mit
1124 1881 198 50 Erysipel.

333 1995 128 39 Recht
497 1995 134 37 häufig
670 1994 52 38 ist
758 1994 129 37 ferner
927 1993 67 37 das
1023 1991 180 51 Erysipel
1233 2004 55 24 als
1319 1987 277 41 Complication
1631 1987 64 37 des
1724 1985 84 39 Ho-

203 2053 286 36 spitalbrandes
519 2048 234 39 beobachtet
777 2048 166 37 worden.
1003 2046 184 38 Offenbar
1215 2045 121 37 bietet
1365 2043 60 38 die
1452 2040 357 50 hospitalbrandige

203 2105 267 38 Erkrankung
500 2104 68 37 der
597 2102 182 38 Wunden
816 2101 108 38 nicht
961 2102 73 36 den
1072 2100 214 37 mindesten
1327 2097 138 38 Schutz
1499 2108 125 38 gegen
1655 2094 59 37 die
1743 2094 64 38 In-

204 2159 134 39 vasion
369 2159 104 38 eines
503 2156 213 52 Erysipels.
778 2155 85 38 Wir
899 2155 130 37 finden
1063 2153 103 39 diese
1197 2150 266 40 Combination
1492 2149 132 38 beider
1652 2147 155 38 Krank-

202 2214 134 38 heiten
366 2213 62 37 bei
458 2212 30 38 F
499 2213 13 37 i
523 2225 17 25 s
552 2225 18 25 c
581 2211 26 37 h
618 2225 19 24 e
648 2213 51 35 r's
719 2210 137 38 Fällen
884 2209 134 37 häufig
1047 2220 241 25 verzeichnet
1317 2205 77 37 und
1424 2203 156 38 Heine
1610 2202 108 50 giebt
1747 2215 61 31 an,

205 2269 89 38 dass
325 2268 67 38 das
408 2266 181 50 Erysipel
620 2267 159 35 weitaus
801 2264 59 37 die
880 2263 194 50 häufigste
1094 2259 412 52 Begleiterscheinung
1526 2257 65 37 des
1611 2254 198 50 Hospital-

205 2322 166 40 brandes
413 2321 66 39 sei.
549 2320 126 39 Unter
719 2319 49 38 80
799 2315 426 41 Hospitalbrandfällen
1269 2314 66 37 der
1363 2311 281 49 Heidelberger
1676 2308 134 38 Klinik

206 2390 131 24 waren
367 2377 51 36 33
449 2377 72 36 mit
539 2373 182 51 Erysipel
750 2385 227 26 compücirt.
1035 2370 72 38 Bei
1139 2370 47 37 18
1217 2381 74 25 von
1320 2366 130 39 diesen
1470 2366 49 37 83
1535 2363 134 39 Fällen
1689 2362 121 50 folgte

207 2432 68 37 das
305 2429 183 51 Erysipel
517 2429 87 38 dem
633 2427 326 50 Hospitalbrand;
1004 2425 63 41 bei
1097 2424 22 37 9
1150 2435 96 39 ging
1283 2420 174 39 dasselbe
1492 2431 117 25 voran
1643 2417 77 37 und
1750 2414 61 39 bei

208 2487 24 36 6
252 2484 139 39 Fällen
419 2486 128 36 traten
577 2482 110 38 beide
708 2480 269 40 Krankheiten
1006 2477 245 53 gleichzeitig
1271 2475 77 39 auf.
1406 2472 111 39 Auch
1546 2471 40 38 in
1605 2470 204 38 Recidiven

206 2552 132 26 wurde
369 2538 61 38 ein
460 2549 281 40 gemeinsames
771 2534 207 39 Auftreten
1008 2531 243 40 beobachtet.
1308 2529 58 37 Im
1396 2526 196 50 Uebrigen
1630 2535 181 27 verHefen

208 2594 112 39 beide
341 2591 270 40 Krankheiten
640 2590 41 37 in
705 2590 110 49 jeder
835 2588 224 50 Beziehung
1079 2583 253 51 unabhängig
1353 2595 73 25 von
1441 2592 191 26 einander.
1669 2576 143 38 Weder

207 2649 41 37 in
269 2649 68 37 der
356 2647 144 38 Dauer,
531 2644 102 39 noch
661 2643 40 38 in
731 2644 67 37 der
819 2642 178 39 Schwere
1019 2642 65 37 des
1106 2638 179 40 Verlaufs
1304 2636 77 37 und
1401 2635 40 38 in
1461 2634 67 37 der
1547 2631 265 48 Ausbreitung

208 2703 91 38 Hess
330 2701 83 38 sich
444 2713 84 25 eine
558 2699 267 51 gegenseitige
855 2695 299 39 Beeinflussung
1183 2705 206 25 erkennen.
1447 2687 115 38 Diese
1587 2684 226 49 Häufigkeit

210 2758 68 37 der
293 2754 282 40 Complication
604 2752 41 38 in
666 2752 66 37 der
752 2750 282 50 Heidelberger
1054 2747 145 39 Klinik,
1231 2756 144 27 welche
1405 2742 145 38 Heine
1581 2737 228 45 beschreibt,

209 2825 107 24 muss
346 2809 186 39 übrigens
562 2806 100 39 wohl
693 2805 138 38 daraus
863 2803 147 39 erklärt
1039 2814 164 26 werden,
1234 2799 86 37 dass
1350 2797 91 37 zwei
1471 2793 225 52 Epidemien
1718 2794 92 35 zeit-

210 2865 116 38 weise
356 2876 220 26 zusammen
597 2860 137 39 trafen,
767 2859 48 38 da
844 2857 60 39 die
935 2871 165 24 anderen
1121 2855 172 38 Autoren
1323 2864 73 24 von
1427 2849 122 39 einem
1570 2860 41 25 so
1631 2845 182 50 häufigen

210 2917 488 40 Zusammenvorkommen
727 2914 126 37 nichts
883 2911 218 38 erwähnen.
