2107 3450
711 287 187 36 Method
932 288 54 35 op
1019 288 317 34 case-taking.

1769 274 86 50 373

195 422 45 38 to
276 415 135 44 write,
442 421 46 37 at
519 415 69 42 his
621 414 171 42 leisure,
825 412 74 43 the
931 412 170 56 history
1133 412 45 42 of
1214 411 69 43 his
1316 411 165 44 illness.
1544 411 118 42 Note
1695 411 48 41 in
1783 410 70 43 his

195 503 299 43 performance
527 486 209 44 evidence
762 485 175 57 of—(1)
969 484 293 56 paragraphia
1301 482 163 57 (which
1487 483 39 42 is
1548 483 177 56 usually
1748 482 107 57 only

197 562 74 42 the
310 569 179 34 written
526 558 263 44 translation
827 557 47 43 of
908 556 307 57 paraphasia);
1257 555 69 57 (2)
1368 555 294 43 intoxication
1701 554 45 43 of
1781 554 76 43 the

199 632 120 42 mind
363 631 108 42 with
513 645 25 27 a
579 630 132 42 letter
753 643 47 28 or
851 628 148 43 word;
1053 627 87 43 and
1182 627 68 57 (3)
1296 626 137 43 faults
1476 626 48 43 of
1573 625 193 57 spelling
1808 639 48 28 or

196 716 172 30 syntax.
433 702 43 42 If
514 701 74 43 the
625 700 119 42 right
782 699 120 43 hand
937 700 39 42 is
1013 698 247 57 paralysed,
1298 697 63 44 let
1392 697 76 43 the
1501 697 174 57 patient
1707 701 72 51 try
1813 700 45 38 to

198 780 122 36 write
355 781 107 35 with
495 773 74 42 the
601 772 92 43 left.
759 772 46 42 If
839 772 75 43 the
946 772 119 43 right
1101 771 121 43 hand
1253 771 38 42 is
1324 775 80 38 not
1442 769 233 57 paralysed
1707 769 82 42 but
1820 768 38 42 is

195 846 217 57 agraphic,
434 845 62 43 let
518 844 93 43 him
635 844 173 43 furnish
831 844 225 44 examples
1078 844 49 43 of
1154 844 76 43 the
1263 843 303 57 performance
1598 842 48 42 in
1680 847 179 51 writing

196 920 47 41 of
262 919 107 42 both
392 918 74 43 the
489 917 119 43 right
629 917 121 43 hand
772 917 88 43 and
883 917 75 43 the
980 917 93 43 left.

256 991 80 57 (3.)
369 991 112 43 How
502 990 92 44 does
615 991 67 42 the
695 991 174 56 patient
890 990 121 43 write
1033 994 39 39 to
1094 990 210 43 dictation
1325 989 93 43 and
1427 989 125 57 from
1574 1003 100 42 copy
1691 987 18 45 ?
1771 988 87 56 Try

196 1065 93 41 him
312 1066 46 40 in
381 1064 107 43 both
507 1078 144 43 ways;
683 1063 87 42 and
792 1063 37 42 if
849 1063 54 43 he
937 1063 35 43 is
1006 1063 98 43 able
1136 1068 46 38 to
1215 1063 55 43 do
1303 1062 144 44 either
1477 1077 49 28 or
1557 1061 120 54 both,
1709 1064 73 53 try
1814 1065 45 38 to

197 1137 215 43 ascertain
434 1137 36 42 if
492 1136 55 44 he
568 1150 299 29 understands
890 1135 75 44 the
987 1136 209 43 meaning
1219 1136 44 43 of
1286 1140 119 39 what
1427 1135 55 43 he
1506 1141 157 37 writes.

258 1282 286 42 Associated
587 1280 450 57 Phenomena.—(1.)
1082 1281 172 43 Gesture
1291 1281 211 56 language
1538 1279 323 57 {Pantomime).

197 1355 119 42 Does
341 1354 73 43 the
436 1354 171 55 patient
629 1353 273 43 understand
924 1353 76 43 the
1022 1359 177 50 gesture
1221 1353 216 56 language
1460 1352 48 43 of
1526 1353 77 42 the
1621 1365 241 36 examiner,

196 1427 87 42 and
307 1426 102 43 does
431 1426 55 43 he
509 1425 178 43 himself
720 1426 177 55 employ
928 1429 175 52 gesture
1135 1425 216 57 language
1384 1424 307 57 intelligently
1708 1425 15 41 ?
1789 1423 73 53 Or,

196 1514 56 27 on
278 1498 74 43 the
375 1498 125 42 other
523 1497 130 42 hand,
670 1511 72 28 are
765 1497 122 43 there
910 1497 233 43 evidences
1167 1497 47 43 of
1232 1497 183 43 amimia
1432 1511 49 28 or
1499 1497 46 42 of
1566 1495 265 58 paramimia
1848 1496 15 41 ?

255 1570 81 56 (2.)
377 1570 141 42 Extra
562 1569 190 56 Graphic
794 1568 197 57 Symbols.
1068 1569 117 44 How
1228 1570 103 43 does
1374 1569 56 44 he
1462 1568 278 44 understand
1776 1567 89 44 and

196 1643 177 56 employ
409 1642 109 44 such
560 1642 182 57 graphic
783 1642 196 56 symbols
1022 1656 48 29 as
1115 1656 223 39 numbers,
1380 1642 222 57 algebraic
1644 1642 122 57 signs
1809 1641 59 57 (if

194 1715 252 57 previously
468 1715 164 42 known
655 1722 44 35 to
722 1714 127 57 him),
866 1714 190 44 musical
1078 1715 203 43 notation
1303 1715 58 57 (if
1379 1715 56 43 he
1453 1729 89 29 was
1563 1714 258 58 previously
1839 1728 25 28 a

197 1787 247 57 musician),
468 1791 78 40 etc.

255 1861 79 56 (3.)
366 1861 47 42 Is
435 1861 109 42 there
566 1874 87 29 any
670 1860 188 43 evidence
880 1860 51 56 of
943 1860 368 43 Mind-blindness
1332 1860 246 57 {Psychical
1599 1859 264 53 Blindness),

195 1948 47 28 as
264 1933 153 43 shown
439 1934 57 56 by
519 1933 209 43 inability
750 1937 46 38 to
818 1933 224 43 recognise
1066 1948 204 28 common
1293 1933 168 57 objects
1484 1934 155 43 shown
1673 1939 44 38 to
1751 1934 111 57 him,

194 2006 86 43 and
312 2011 45 38 to
389 2006 193 43 indicate
616 2005 115 44 their
763 2020 125 29 uses;
920 2020 48 29 or
993 2006 59 57 by
1075 2006 212 44 inability
1319 2011 45 39 to
1397 2021 225 43 recognise
1653 2006 207 43 intimate

196 2079 167 43 friends
386 2083 46 39 at
454 2079 119 43 sight
592 2080 16 41 ?

256 2151 77 57 (4.)
369 2151 87 43 The
476 2152 251 42 Emotional
748 2152 91 42 and
860 2151 271 43 Intellectual
1152 2151 223 44 Faculties.
1439 2152 90 44 Are
1547 2153 77 43 the
1642 2152 218 44 emotions

191 2223 137 43 lively
345 2223 88 43 and
455 2223 117 43 their
594 2223 255 56 expression
871 2222 137 53 vivid,
1027 2237 48 29 or
1097 2237 73 29 are
1193 2223 108 57 they
1319 2223 96 44 dull
1432 2226 15 41 ?
1512 2225 45 42 Is
1580 2225 279 43 self-control

193 2296 100 43 well
318 2296 283 43 maintained,
624 2310 47 28 or
693 2296 103 43 does
820 2296 75 43 the
917 2295 173 57 patient
1122 2296 255 57 frequently
1411 2297 175 43 exhibit
1617 2298 242 43 emotional

195 2367 283 43 disturbance
494 2368 15 42 ?

252 2440 140 42 What
428 2440 38 43 is
509 2439 75 44 the
628 2439 226 44 condition
899 2440 45 43 of
991 2439 75 44 the
1110 2440 293 59 Intelligence
1446 2456 48 30 as
1538 2442 232 44 exhibited
1811 2443 48 42 in

191 2513 249 56 expressive
464 2513 180 52 actions,
667 2512 88 43 and
777 2513 47 42 in
856 2512 242 57 capability
1121 2514 48 42 of
1188 2515 219 57 engaging
1428 2515 47 42 in
1498 2530 151 43 games
1671 2517 46 43 of
1739 2516 120 53 skill,

195 2584 47 42 of
261 2584 269 43 conducting
552 2584 202 43 business
777 2584 160 52 affairs,
960 2589 79 39 etc.

255 2657 79 55 (5.)
369 2657 87 43 The
476 2657 140 43 Motor
644 2657 90 43 and
762 2656 178 58 Sensory
975 2658 240 44 Functions.
1280 2658 79 44 All
1382 2665 248 52 symptoms
1653 2662 45 43 of
1720 2666 144 40 motor

194 2743 46 28 or
263 2743 178 43 sensory
464 2730 216 57 paralysis
703 2730 173 54 should,
898 2732 49 41 of
965 2745 165 39 course,
1152 2732 52 44 be
1228 2733 216 57 carefully
1467 2734 239 45 described.

252 2873 61 41 Th
320 2887 81 39 ese,
426 2872 21 43 I
472 2873 142 53 think,
638 2888 70 29 are
733 2874 74 44 the
829 2874 150 57 points
1002 2890 66 29 we
1090 2876 160 45 should
1274 2878 102 43 bear
1398 2878 46 43 in
1469 2879 126 43 mind
1630 2880 127 44 when
1793 2896 64 29 we

193 2959 71 29 are
288 2946 178 57 making
489 2952 124 38 notes
636 2947 48 42 of
701 2961 25 29 a
748 2962 98 29 case
869 2948 45 42 of
939 2948 191 57 aphasia.
1197 2950 91 44 The
1310 2957 194 52 greatest
1526 2968 98 29 care
1657 2958 133 49 must,
1813 2955 48 43 of

193 3030 160 39 course,
376 3017 52 43 be
451 3017 146 53 taken,
620 3023 78 38 not
719 3023 45 39 to
786 3020 205 43 overtask
1014 3021 76 43 the
1112 3021 213 58 damaged
1349 3023 125 44 brain
1498 3026 47 42 of
1566 3025 74 44 the
1673 3027 182 55 patient.

192 3088 47 42 If
258 3088 122 43 there
403 3088 37 44 is
463 3089 91 43 risk
578 3091 44 41 of
644 3090 133 58 doing
799 3106 59 39 so,
881 3092 75 44 the
981 3094 121 42 work
1125 3094 160 44 should
1318 3096 54 43 be
1405 3096 113 44 done
1550 3098 308 57 gradually,—

192 3159 116 45 little
333 3161 55 56 by
413 3160 128 43 little.
