2113 3404
759 312 86 30 THE
879 313 242 32 DISORDERS
1154 315 52 31 OF
1240 316 469 34 SPEECH.—APPENDIX.

422 297 86 42 458

425 422 219 51 Stumbling
672 426 41 36 in
738 438 22 25 a
784 431 97 32 most
906 427 160 49 striking
1090 429 268 38 manner—tlie
1386 431 170 48 patient's
1580 433 214 48 renderings
1821 433 40 37 of
1886 434 31 36 it
1932 434 110 49 being

425 480 22 19 "
461 480 313 49 Hatitopotamus,
791 484 322 48 Hatipotibumus,
1128 485 422 49 Tahippotopossimus,"
1566 489 74 36 and
1658 489 62 37 the
1736 490 87 36 like.
1858 490 120 36 When
1996 490 46 37 he

425 548 74 24 was
517 537 147 50 talking
680 539 31 36 it
727 552 74 24 was
818 553 91 35 very
926 541 205 37 noticeable
1149 542 81 36 that
1247 542 58 36 his
1322 555 118 36 upper
1457 544 53 48 lip
1528 545 175 47 cpuivered
1731 558 48 24 on
1797 558 68 24 one
1882 558 40 24 or
1939 546 104 36 other

427 593 79 37 side
522 594 42 36 in
578 594 63 37 the
658 608 156 24 manner
830 609 39 24 so
888 597 210 48 commonly
1117 597 175 38 observed
1310 600 39 35 in
1368 600 158 36 General
1546 601 180 36 Paralysis
1744 602 39 35 uf
1798 603 62 35 the
1879 602 144 36 Insane.

475 650 149 48 During
641 652 63 36 the
721 653 209 36 remainder
948 653 39 36 of
1001 653 63 36 the
1082 655 169 46 patient's
1265 655 185 36 residence
1463 657 39 34 in
1517 657 171 47 hospital,
1701 658 58 35 his
1776 658 268 36 improvement

426 718 74 24 was
518 710 236 45 progressive.
809 711 71 35 His
897 710 130 47 speech
1055 711 194 47 gradually
1266 711 72 36 lost
1366 712 52 36 all
1434 713 49 35 its
1500 714 247 46 peculiarities
1765 719 127 31 except
1909 727 20 23 a
1946 719 97 32 trace

427 762 40 36 of
481 762 63 37 the
563 764 415 49 Syllable-Stumbling,
997 767 74 35 and
1100 779 48 23 an
1178 768 202 35 occasional
1410 772 97 32 trace
1525 769 39 35 of
1590 770 63 34 the
1670 769 114 36 labial
1801 770 131 36 shiver.
1985 771 58 36 He

425 820 181 44 practised
623 821 64 36 the
705 827 287 42 pronunciation
1011 822 38 36 of
1066 823 360 47 "Hippopotamus"
1444 824 207 47 diligently,
1670 826 73 35 and
1759 826 122 36 before
1897 826 58 36 his
1971 827 72 35 dis-

425 874 130 48 charge
573 876 47 36 he
634 890 72 23 was
720 878 82 36 able
816 883 37 31 to
872 891 209 35 pronounce
1095 879 30 35 it
1139 879 187 47 correctly,
1342 879 142 36 though
1498 880 30 35 it
1542 881 189 47 evidently
1745 882 78 35 still
1841 887 74 31 cost
1932 882 78 36 him
2024 894 21 24 a

426 930 99 37 little
544 933 116 44 effort,
680 934 120 35 which
821 934 149 36 showed
988 934 102 36 itself
1104 935 40 34 in
1161 946 21 24 a
1199 939 158 31 staccato
1376 936 236 35 enunciation
1631 937 38 35 of
1683 936 63 36 the
1764 937 184 36 syllables.

475 988 54 36 As
542 992 38 32 to
594 990 117 44 mind,
726 994 38 32 at
777 990 63 36 the
854 991 83 35 date
952 991 39 35 of
998 990 59 36 his
1072 990 200 48 discharge,
1289 991 127 35 March
1432 993 55 44 27,
1506 993 101 43 1894,
1621 992 63 37 the
1699 993 87 47 only
1800 994 245 46 peculiarities

426 1044 206 37 noticeable
650 1058 94 24 were
761 1046 64 36 the
843 1050 222 44 persistence
1083 1046 39 36 of
1145 1047 63 35 the
1227 1046 295 48 syphilophobia,
1541 1048 123 36 which
1681 1061 73 24 was
1771 1049 79 36 still
1866 1050 178 35 occasion-

426 1100 77 47 ally
521 1113 90 34 very
630 1101 215 49 distressing
871 1107 37 31 to
926 1103 91 44 him,
1036 1103 74 35 and
1127 1115 20 23 a
1166 1104 137 35 certain
1334 1104 199 36 emotional
1562 1104 144 48 facility
1725 1105 39 36 of
1790 1106 116 46 mind,
1924 1106 121 36 which

425 1156 177 48 betrayed
619 1158 104 36 itself
738 1159 199 47 especially
954 1159 40 35 in
1011 1159 219 35 irritability
1248 1159 39 35 of
1302 1163 142 32 temper
1460 1160 73 35 and
1549 1160 41 35 in
1607 1161 186 47 risibility.

473 1213 80 37 The
571 1215 143 46 patient
728 1227 73 24 was
819 1215 141 36 treated
976 1219 38 31 at
1032 1215 79 35 first
1125 1215 92 35 with
1235 1216 195 35 mercurial
1448 1216 195 36 inunction
1659 1217 75 35 and
1750 1217 296 36 administration

423 1270 41 35 of
477 1270 124 36 iodide
620 1272 39 35 of
673 1272 214 47 potassium,
906 1272 75 35 and
998 1271 215 36 afterwards
1231 1271 93 36 with
1342 1272 123 36 iodide
1479 1273 39 35 of
1531 1273 203 47 potassium
1750 1285 117 24 alone.

475 1382 385 49 Commentary.—The
890 1397 79 24 case
998 1386 33 35 is
1060 1397 68 24 one
1159 1384 40 37 of
1225 1397 21 24 a
1275 1389 89 43 type
1393 1389 66 32 not
1489 1385 265 48 unfrequcntly
1779 1389 77 33 met
1884 1386 91 36 with
2005 1387 41 35 in

424 1439 158 37 medical
610 1441 171 47 practice.
828 1441 59 37 On
917 1441 65 37 the
1009 1442 120 36 whole
1158 1442 30 35 it
1216 1442 182 36 conforms
1427 1442 40 34 in
1485 1442 48 35 its
1551 1445 202 44 symptoms
1771 1446 37 31 to
1825 1441 64 37 the
1906 1446 87 43 type
2011 1442 40 36 of

425 1496 160 36 General
599 1497 183 48 Paralysis
800 1499 40 35 of
853 1498 64 36 the
936 1499 135 35 Insane
1087 1512 9 30 ;
1126 1498 69 36 but
1212 1498 30 36 it
1261 1498 86 36 does
1364 1502 66 31 not
1447 1498 41 35 in
1504 1498 52 36 all
1585 1502 157 43 respects
1769 1498 197 36 reproduce
1983 1499 64 35 the

424 1553 144 47 picture
586 1554 194 46 presented
797 1554 51 47 by
861 1555 140 47 typical
1020 1554 186 36 examples
1221 1554 38 36 of
1273 1554 83 35 that
1373 1554 147 36 disease.
1573 1554 117 36 There
1710 1566 71 23 was
1799 1554 85 35 here
1901 1566 94 23 none
2012 1553 39 36 of

424 1609 65 36 the
517 1610 166 46 primary
712 1611 142 35 mental
887 1611 202 35 exaltation
1119 1623 38 23 so
1192 1610 101 36 often
1326 1610 189 36 exhibited
1546 1610 52 47 by
1627 1610 139 47 typical
1799 1610 183 36 examples
2011 1610 39 35 of

426 1665 159 36 General
605 1666 183 48 Paralysis
805 1680 9 30 ;
843 1679 68 23 nor
928 1667 63 35 did
1010 1667 64 35 the
1099 1667 143 46 patient
1271 1671 147 42 present
1435 1667 63 35 the
1517 1666 264 36 characteristic
1800 1666 193 35 difference
2011 1665 39 35 of

423 1722 66 35 the
506 1723 136 47 pupils,
657 1735 68 24 nor
742 1723 64 36 the
823 1724 157 35 fibrillar
996 1727 229 32 movements
1240 1723 38 35 of
1293 1722 62 36 the
1369 1728 147 41 tongue.
1570 1724 84 34 But,
1669 1735 48 23 on
1734 1722 63 36 the
1815 1722 103 36 other
1934 1721 113 45 hand,

425 1778 104 36 there
546 1791 74 23 was
651 1780 149 35 evident
831 1780 261 35 deterioration
1110 1780 39 35 of
1176 1779 62 35 the
1267 1779 139 36 mental
1432 1779 141 47 faculty
1589 1792 9 30 ;
1628 1791 38 23 as
1683 1790 73 24 was
1773 1778 126 36 shown
1918 1778 48 46 by
1984 1778 63 35 the

427 1835 173 46 patient's
630 1836 282 46 emotionalism,
931 1836 51 35 by
998 1835 58 36 his
1074 1835 295 47 syphilophobia,
1389 1835 73 35 and
1480 1836 49 34 by
1547 1836 57 34 his
1634 1835 221 35 diminished
1874 1846 122 35 power
2013 1834 39 34 of

428 1891 113 36 work.
595 1892 119 36 There
732 1905 74 23 was
824 1892 75 36 also
917 1893 41 34 in
987 1892 64 35 the
1080 1891 132 36 speech
1240 1891 154 36 marked
1423 1891 172 48 slurring,
1614 1891 235 47 pronounced
1878 1890 170 36 syllable-

429 1947 218 48 stumbling,
665 1949 74 35 and
757 1948 63 36 the
850 1948 290 47 accompanying
1168 1959 195 36 quivering
1382 1947 39 36 of
1447 1947 64 36 the
1538 1959 117 36 upper
1683 1947 55 35 lip
1769 1959 37 23 so
1824 1958 169 24 common
2009 1946 40 35 in

430 2004 159 36 General
608 2004 191 48 Paralysis.
851 2005 139 45 Lastly,
1009 2005 104 35 there
1142 2016 74 24 was
1245 2004 64 35 the
1338 2004 142 35 history
1497 2003 40 36 of
1562 2008 73 31 two
1665 2003 151 36 distinct
1845 2003 205 46 congestive

429 2061 143 35 attacks
589 2060 78 37 like
684 2061 104 35 those
806 2062 40 34 of
861 2060 160 37 General
1040 2061 182 47 Paralysis
1239 2073 9 31 ;
1277 2061 75 35 and
1369 2065 93 31 after
1492 2059 84 36 each
1598 2060 40 35 of
1660 2059 102 36 these
1779 2059 101 36 there
1898 2070 72 24 was
1987 2058 63 36 the

429 2116 152 47 aphasia
598 2117 122 35 which
738 2118 41 34 in
797 2117 81 36 that
895 2117 138 36 disease
1052 2129 38 24 so
1108 2116 100 36 often
1226 2116 143 36 follows
1387 2129 99 34 upon
1505 2115 90 37 such
1613 2116 148 35 attacks.

481 2173 36 36 Is
535 2173 75 36 this
629 2186 78 24 case
733 2185 68 25 one
819 2174 39 35 of
874 2173 158 37 General
1050 2173 184 36 Paralysis
1260 2173 41 35 of
1319 2172 64 36 the
1403 2173 143 35 Insane,
1565 2184 40 23 or
1629 2172 31 35 is
1684 2172 31 35 it
1741 2183 68 24 one
1834 2170 39 37 of
1894 2170 157 48 syphilis

431 2230 173 36 affecting
620 2230 64 36 the
702 2230 162 36 cerebral
889 2234 123 32 cortex
1025 2231 12 35 ?
1088 2230 47 35 In
1159 2229 131 36 reality
1309 2230 31 34 it
1356 2229 31 35 is
1405 2233 101 31 often
1529 2228 212 47 impossible
1766 2232 37 32 to
1829 2227 220 48 distinguish

431 2286 64 36 the
522 2299 68 23 one
617 2287 191 35 condition
833 2287 96 35 from
953 2287 64 35 the
1043 2286 113 36 other.
1209 2286 67 35 My
1302 2297 83 24 own
1407 2285 218 47 impression
1650 2285 31 35 is
1706 2284 81 36 that
1811 2284 31 35 it
1868 2284 31 35 is
1922 2295 68 24 one
2015 2283 40 35 of

433 2342 159 36 General
627 2343 191 36 Paralysis.
873 2344 37 34 If
936 2343 31 35 it
992 2343 42 35 is,
1061 2342 63 36 the
1149 2346 143 44 patient
1318 2340 78 37 will
1420 2341 94 35 have
1540 2340 105 36 other
1669 2340 205 47 congestive
1900 2339 150 43 attacks,

432 2399 75 35 and
526 2399 78 35 will
629 2399 195 47 gradually
841 2404 61 43 get
928 2410 123 24 worse.
1105 2399 37 35 It
1167 2399 42 45 is,
1227 2398 180 43 however,
1426 2396 157 49 possible
1610 2396 143 47 enough
1780 2396 80 35 that
1885 2396 62 35 the
1973 2407 78 23 case

432 2467 87 35 may
536 2456 46 35 be
608 2468 69 23 one
695 2456 40 36 of
757 2456 149 35 cortical
931 2454 158 48 syphilis
1106 2467 8 30 ;
1140 2454 72 35 and
1231 2454 30 35 it
1278 2454 30 35 is
1326 2454 40 34 in
1384 2465 93 24 view
1496 2453 39 35 of
1559 2453 74 35 this
1660 2451 208 48 possibility
1891 2451 80 35 that
1988 2451 63 36 the

432 2512 145 47 patient
594 2512 66 36 has
677 2512 94 36 been
788 2511 280 37 recommended
1087 2515 36 31 to
1142 2510 174 36 continue
1334 2509 62 36 the
1414 2521 64 24 use
1496 2509 39 36 of
1549 2509 122 35 iodide
1688 2508 40 35 of
1742 2508 211 47 potassium.

482 2567 163 37 Chronic
655 2568 216 36 alcoholism
882 2568 31 35 is
923 2567 77 36 also
1013 2567 137 35 known
1166 2565 241 37 occasionally
1420 2569 37 31 to
1468 2565 158 47 produce
1639 2576 20 23 a
1672 2576 116 35 group
1800 2563 38 36 of
1848 2574 203 36 symptoms

434 2624 145 47 exactly
593 2624 285 47 corresponding
895 2628 38 31 to
951 2623 102 35 those
1068 2622 38 36 of
1122 2621 157 37 General
1299 2620 182 46 Paralysis
1498 2633 8 30 ;
1531 2620 73 35 and
1622 2620 30 35 it
1668 2620 31 35 is
1716 2618 157 48 possible
1890 2618 81 36 that
1988 2618 62 36 the

432 2681 172 48 patient's
622 2680 323 37 over-indulgence
963 2680 39 35 in
1021 2678 143 37 alcohol
1182 2690 86 23 may
1281 2677 94 36 have
1391 2677 92 36 been
1497 2681 38 31 at
1551 2676 92 36 least
1660 2687 68 24 one
1742 2675 40 36 of
1796 2675 62 35 the
1876 2686 122 24 causes
2010 2675 40 34 in

434 2739 201 47 operation.

483 2795 81 36 The
582 2807 79 24 case
674 2796 41 35 is,
736 2794 18 36 I
774 2793 121 35 think,
914 2791 225 36 illustrative
1156 2789 40 36 of
1219 2789 63 36 the
1300 2788 181 47 difficulty
1499 2788 39 36 of
1561 2787 184 48 diagnosis
1769 2787 39 35 in
1832 2798 112 36 many
1961 2786 90 36 such

434 2863 106 25 cases.
595 2852 36 36 It
657 2854 165 45 presents
849 2861 21 24 a
896 2860 117 36 group
1041 2847 39 36 of
1106 2857 204 37 symptoms
1338 2844 237 48 presumably
1601 2856 101 24 more
1732 2843 159 36 familiar
1920 2847 37 31 to
1987 2841 63 36 the

433 2909 175 47 ordinary
625 2907 194 49 physician
837 2905 91 36 than
945 2908 38 32 to
997 2903 63 36 the
1073 2903 158 43 alienist,
1247 2902 79 35 viz.,
1342 2901 63 36 the
1423 2905 204 42 symptoms
1641 2900 38 35 of
1695 2899 156 36 General
1871 2897 179 46 Paralysis

433 2965 160 37 without
611 2965 63 36 the
691 2975 170 26 common
878 2960 141 37 mental
1037 2959 199 36 exaltation
1255 2959 38 34 of
1308 2957 63 37 the
1389 2958 78 35 first
1484 2969 98 36 stage
1601 2957 40 36 of
1654 2956 81 36 that
1752 2956 145 35 disease.

479 3021 205 37 Alongside
701 3020 75 36 this
795 3031 78 23 case
889 3018 16 35 I
921 3016 120 37 could,
1056 3016 94 35 from
1167 3027 62 35 my
1244 3013 160 49 hospital
1422 3025 113 33 notes,
1550 3012 103 48 place
1669 3024 22 24 a
1708 3022 155 25 number
1877 3009 39 36 of
1930 3008 120 36 others

431 3079 41 36 in
490 3078 122 38 which
639 3077 65 37 the
729 3088 98 25 same
853 3086 117 37 group
988 3073 40 36 of
1049 3076 205 44 symptoms
1272 3083 74 24 was
1370 3070 195 49 presented
1580 3083 10 32 ;
1615 3070 68 35 but
1700 3068 74 36 this
1792 3079 68 24 one
1878 3078 77 24 case
1972 3064 77 37 will
