1972 3202
419 252 62 41 82

647 263 91 31 THE
763 264 89 31 RED
876 264 57 31 OR
957 264 183 31 ASIATIC
1166 264 388 32 ORANG-OUTANG.

422 388 97 47 One
543 389 51 46 of
618 389 126 46 these
768 389 36 46 is
828 396 45 39 to
898 390 120 45 walk
1042 389 196 61 upright,
1264 405 48 30 or
1333 396 152 39 rather
1507 406 56 30 on
1586 389 70 46 his
1680 389 102 55 feet,

419 467 308 61 unsupported
765 468 63 59 by
866 467 71 44 his
981 467 146 44 hands
1145 483 15 37 ,*
1206 473 79 39 the
1330 473 127 39 other
1500 473 45 39 to
1584 468 92 44 kiss
1714 468 70 45 his

417 545 175 45 keeper.
675 545 24 45 I
738 545 117 44 have
894 545 147 44 before
1080 544 235 45 remarked
1351 543 115 45 with
1506 545 103 44 how
1648 546 136 44 much

417 621 225 61 difficulty
664 621 58 45 he
746 620 316 46 accomplishes
1085 620 79 45 the
1186 619 113 55 first,
1325 621 90 44 and
1431 636 109 45 may
1559 621 102 53 add,
1681 622 103 44 that

416 714 28 29 a
466 698 306 46 well-trained
795 698 301 60 dancing-dog
1119 697 151 46 would
1293 696 68 46 far
1395 713 176 30 surpass
1605 698 96 44 him
1736 699 46 44 in

415 774 78 46 the
516 775 228 46 imitation
767 773 51 48 of
831 775 79 45 the
932 775 174 45 human
1129 775 225 60 posture.”

481 852 98 45 The
601 858 111 39 next
742 867 223 31 specimen
996 851 50 46 of
1069 851 148 45 which
1252 867 69 29 we
1348 852 117 44 have
1490 866 58 30 an
1580 858 202 38 accurate

415 943 201 39 account,
639 944 94 29 was
757 944 81 29 one
862 930 190 44 brought
1076 944 47 29 as
1152 944 26 29 a
1201 934 178 55 present
1403 934 45 39 to
1472 928 78 45 the
1573 928 209 60 Empress

414 1005 244 60 Josephine
681 1004 113 45 fi’om
817 1005 79 45 the
919 1005 90 45 Isle
1033 1005 50 45 of
1098 1006 183 44 France.
1339 1005 45 46 It
1407 1005 38 45 is
1470 1005 226 45 described
1720 1006 62 60 by

417 1081 130 46 Fred.
569 1082 180 53 Cuvier,
771 1081 104 54 and,
895 1081 91 45 like
1005 1081 61 45 all
1077 1087 81 39 the
1177 1082 163 54 others,
1361 1082 103 44 died
1479 1097 26 29 a
1523 1082 121 45 short
1667 1082 112 45 time

414 1157 116 47 after
544 1159 36 45 it
597 1159 189 45 reached
802 1159 189 60 Europe.
1016 1158 156 47 When
1185 1158 97 46 first
1296 1160 191 44 brought
1503 1174 56 30 on
1573 1160 151 53 board,
1745 1159 36 45 it

414 1236 183 46 showed
612 1242 79 39 the
713 1251 122 30 same
854 1241 180 39 caution
1056 1235 114 45 with
1188 1236 67 45 Dr
1269 1235 155 46 Abel’s
1442 1251 163 45 orang;
1633 1237 150 44 would

413 1318 79 39 not
506 1318 160 40 mount
686 1311 108 47 aloft
820 1312 119 45 until
961 1312 37 45 it
1015 1312 91 45 had
1124 1328 104 29 seen
1248 1313 66 45 M.
1334 1312 194 54 Decaen,
1549 1313 63 60 by
1631 1313 150 45 whom

413 1388 36 45 it
474 1405 93 30 was
590 1390 192 45 brought
805 1405 76 45 up,
903 1389 54 45 do
982 1389 203 45 so—and
1203 1389 161 61 during
1386 1389 58 45 its
1467 1388 76 46 life
1566 1395 78 39 the
1660 1405 122 30 same

412 1471 281 40 attachment
716 1472 46 39 to
786 1465 57 46 its
862 1481 164 38 owner,
1047 1465 89 45 and
1152 1481 260 30 annoyance
1430 1465 47 45 in
1495 1466 68 44 his
1579 1467 200 53 absence,

412 1543 232 60 appeared.
691 1543 57 45 In
771 1549 151 54 eating
940 1558 47 30 or
1009 1542 223 61 drinking,
1257 1542 37 45 it
1318 1542 151 45 would
1487 1542 295 61 occasionally

410 1634 81 30 use
514 1618 59 46 its
595 1619 145 45 hands
763 1625 47 39 to
834 1634 171 46 convey
1027 1620 79 44 the
1130 1618 99 46 food
1258 1635 48 29 or
1336 1619 143 45 vessel
1510 1625 46 39 to
1587 1619 59 45 its
1678 1619 100 53 lips,

411 1696 83 44 but
529 1696 150 45 would
710 1711 48 30 as
790 1694 121 47 often
941 1696 138 60 apply
1114 1695 79 45 the
1226 1696 85 44 lips
1345 1701 47 40 to
1430 1695 80 45 the
1540 1695 115 54 food,
1688 1697 91 44 and

411 1772 134 45 when
582 1772 208 62 diinking
826 1772 152 45 would
1010 1773 213 44 lengthen
1257 1779 127 38 them
1418 1787 171 30 out—a
1628 1788 151 45 power

411 1848 149 46 which
582 1848 37 47 it
642 1849 228 61 possessed
892 1848 46 45 in
963 1864 59 29 an
1045 1849 340 61 extraordinary
1409 1849 169 60 degree.

476 1926 44 45 A
546 1941 136 46 spoon
706 1942 93 29 was
823 1932 257 39 sometimes
1102 1925 133 62 given
1264 1932 46 39 to
1342 1926 51 53 it,
1420 1925 114 46 with
1558 1926 149 45 which
1731 1926 46 45 in

410 2001 229 47 imitation
662 2003 36 45 it
722 2003 152 45 would
897 2008 194 40 attempt
1114 2009 46 39 to
1183 2002 76 46 lift
1282 2003 78 45 the
1383 2002 129 55 food;
1537 2004 84 45 but
1645 2003 133 45 when

410 2080 103 44 that
547 2080 130 45 could
706 2086 80 39 not
816 2081 55 44 be
902 2080 338 60 accomplished,
1275 2086 80 39 the
1386 2095 136 30 spoon
1550 2080 151 45 would
1724 2082 53 43 be

411 2155 301 61 significantly
736 2156 181 45 handed
939 2162 45 39 to
1008 2162 78 39 the
1108 2162 176 39 nearest
1307 2172 158 45 person
1489 2155 114 46 with
1627 2157 148 44 whom

410 2232 37 45 it
472 2247 92 30 was
593 2231 282 46 acquainted.
945 2233 55 43 In
1030 2238 78 39 the
1132 2233 145 44 whole
1308 2231 51 46 of
1384 2231 58 46 its
1477 2239 184 47 actions,
1697 2233 79 45 the

410 2310 300 44 resemblance
735 2314 43 39 to
802 2309 67 44 Dr
896 2307 155 46 Abel’s
1082 2308 169 46 animal
1275 2325 93 29 was
1400 2324 46 30 so
1476 2324 122 38 near,
1622 2315 103 39 that
1749 2326 26 28 a

415 2385 138 46 detail
576 2385 151 45 would
758 2386 56 44 be
843 2400 159 46 nearly
1036 2400 26 30 a
1095 2384 357 62 recapitulation.
1519 2386 93 45 We
1645 2385 127 54 refer,

410 2463 231 54 therefore,
665 2469 46 39 to
734 2468 79 40 the
835 2478 137 46 paper
988 2462 128 46 itself
1124 2462 48 46 in
1189 2463 78 46 the
1294 2464 111 45 15th
1429 2479 181 31 volume
1633 2463 50 47 of
1698 2465 77 45 the

411 2539 203 47 Annales
639 2540 60 46 du
723 2541 214 45 Museum
971 2540 244 46 d’Histoire
1239 2541 253 47 Naturelle.
1560 2541 99 47 One
1693 2540 83 47 cir-
