1933 3302
788 121 209 42 Eindringen
1023 124 89 31 ohne
1138 126 143 34 Wunde.

228 113 50 40 18

514 297 52 40 D.
609 299 420 54 Infectioiispforteii
1060 306 72 39 des
1161 307 397 40 Hospitalbiandes.

227 415 34 39 1.
304 415 112 39 Kann
446 415 68 40 der
543 416 307 52 Hospitalbrand
880 422 99 38 ohne
1008 422 159 48 Wunde,
1199 426 97 39 ohne
1327 428 60 39 die
1416 431 198 47 geringste
1645 433 191 42 Continni-

432 481 293 52 tätstrennung,
756 485 64 39 bei
849 496 99 39 ganz
977 487 169 40 intacter
1176 489 198 42 Oberhaut
1403 495 227 39 entstehen?

354 596 74 39 Die
460 599 228 50 englischen
717 602 258 41 Marineärzte
1005 605 262 52 behaupteten
1296 613 139 44 zuerst,
1476 611 88 39 dass
1594 612 123 40 dieses
1746 628 90 25 vor-

220 650 170 39 komme.
450 651 253 53 Gillespie
739 656 110 49 giebt
878 671 67 32 an,
979 659 86 38 dass
1096 660 81 38 sich
1208 662 58 37 oft
1294 663 99 39 ohne
1424 665 84 38 eine
1537 665 40 38 in
1607 667 60 38 die
1696 666 140 40 Augen

220 704 173 39 fallende
415 705 177 41 Ursache
622 708 62 38 ein
713 709 149 39 kleines
883 711 234 40 Pünktchen
1148 728 61 24 am
1235 715 98 39 Bein
1363 718 91 38 oder
1483 733 62 24 am
1566 720 119 39 Fusse
1714 722 121 48 zeige,

221 771 69 26 aus
319 760 199 47 welchem,
549 775 114 25 wenn
694 776 39 25 es
764 764 248 51 aufgekratzt
1040 768 147 46 wurde,
1229 769 61 38 ein
1325 772 127 50 wenig
1482 772 234 41 Blutwasser
1746 790 87 24 aus-

219 811 87 47 lief;
339 814 104 38 dann
472 815 107 50 folge
610 816 83 39 eine
715 817 265 54 Entzündung
1000 834 75 25 von
1098 821 323 41 bläulich-rother
1441 825 126 40 Farbe
1588 831 70 35 etc.
1690 828 146 40 Ferner

221 866 193 40 berichtet
443 868 150 39 Trott
604 883 69 25 er:
726 870 212 47 „Obgleich
978 875 67 37 der
1074 878 152 48 grösste
1256 877 112 38 Theil
1406 879 66 38 der
1508 879 325 40 Hospitalbrand-

221 920 234 41 Greschwüre
486 923 121 39 durch
636 925 137 50 irgend
806 927 84 38 eine
920 932 156 35 äussere
1102 929 238 53 Verletzung
1369 934 223 37 verursacht
1621 936 140 45 wurde,
1793 950 43 25 so

219 974 129 40 haben
390 976 71 39 wir
501 977 218 40 zahlreiche
758 979 108 40 Fälle
907 982 202 49 getroffen,
1151 983 40 38 in
1232 985 123 38 denen
1396 987 128 38 weder
1554 987 84 39 eine
1667 988 165 48 Wunde,

219 1030 101 38 noch
367 1030 62 38 ein
459 1030 127 49 Stich,
629 1033 101 38 noch
776 1034 85 38 eine
901 1035 282 53 Abschürfung
1223 1039 93 38 oder
1345 1039 209 40 Contusion
1590 1042 55 37 als
1675 1042 159 39 vorher-

218 1084 219 39 bestehend
466 1086 300 51 nachgewiesen
794 1089 157 38 werden
980 1090 184 39 konnten.
1221 1092 77 38 Ein
1329 1093 149 39 Meiner
1508 1096 323 48 umschriebener,

218 1138 145 47 rother,
395 1139 121 39 kaum
544 1154 48 25 zu
621 1142 284 39 bemerkender
924 1143 122 40 Fleck
1074 1146 132 38 wurde
1236 1150 127 35 zuerst
1381 1148 242 48 beobachtet,
1655 1150 67 38 der
1742 1151 93 38 aber

219 1193 121 38 schon
379 1193 41 38 in
449 1194 181 51 wenigen
661 1194 173 41 Stunden
871 1211 47 25 zu
956 1199 125 38 einem
1110 1199 155 39 Knoten
1297 1202 193 47 anwuchs,
1531 1203 61 38 ein
1623 1203 211 39 schwarzes

220 1246 187 40 Centrum
436 1249 80 38 und
536 1250 109 50 rings
666 1250 137 38 herum
825 1251 111 39 einen
959 1254 257 38 entzündeten
1235 1254 112 39 Rand
1373 1256 151 38 bekam.
1582 1256 99 38 Bald
1701 1258 133 37 wuchs

220 1301 61 38 die
311 1300 198 41 Affection
540 1304 68 38 der
638 1303 143 40 Grösse
810 1306 101 38 nach
939 1307 80 37 und
1048 1307 119 38 nahm
1197 1308 73 38 alle
1300 1309 390 39 charakteristischen
1720 1310 111 51 Sym-

217 1369 148 37 ptome,
397 1357 74 38 wie
502 1357 60 39 die
593 1358 312 51 weitergehende
931 1359 241 49 Ulceration,
1205 1362 66 38 das
1289 1362 222 39 Absterben
1541 1364 66 38 des
1637 1363 195 48 Gewebes,

219 1410 61 38 die
311 1411 208 39 stinkende
551 1411 298 53 Absonderung,
883 1415 67 37 das
979 1414 140 39 Fieber
1149 1419 71 35 etc.
1243 1418 83 36 an."
1389 1431 34 24 v.
1445 1417 167 38 Pitha's
1643 1418 60 38 die
1736 1418 98 38 Ent-

220 1465 171 52 stehung
409 1466 67 38 des
489 1466 353 50 Hospitalbrandes
858 1469 70 37 auf
938 1469 259 38 unverletzter
1208 1469 226 40 Oberfläche
1449 1471 235 39 betreffende
1697 1473 21 36 6
1729 1472 106 38 Fälle

220 1519 87 38 sind
337 1519 86 39 hier
452 1520 109 39 nicht
581 1535 46 24 zu
647 1522 266 46 verwerthen;
944 1523 116 38 theils
1090 1523 51 38 ist
1169 1525 330 50 möghcherweise
1522 1526 60 37 ein
1601 1525 146 39 Ekzem
1769 1527 67 37 der

219 1573 358 52 Ausgangspunkt,
609 1575 117 39 theils
758 1576 86 38 sind
875 1590 39 25 es
935 1577 263 47 Pannaritien,
1231 1579 151 38 endlich
1404 1579 92 38 aber
1515 1579 158 38 handelt
1693 1593 38 24 es
1753 1580 81 38 sich

218 1628 65 39 bei
315 1629 107 38 einer
451 1628 156 39 Anzahl
636 1630 125 39 dieser
789 1630 109 39 Fälle
928 1644 71 38 gar
1028 1632 109 38 nicht
1156 1646 66 24 um
1237 1633 315 50 Hospitalbrand,
1585 1634 164 37 sondern
1767 1647 66 24 um

219 1685 113 36 acute
364 1682 305 52 Osteomyelitis.
728 1684 111 39 Doch
879 1685 155 39 möchte
1071 1686 64 38 ich
1169 1686 84 38 hier
1282 1687 53 37 im
1364 1687 189 38 Interesse
1584 1688 64 37 des
1679 1687 153 50 Gegen-

219 1738 157 37 standes
419 1738 24 36 4
482 1751 100 38 ganz
621 1739 148 38 sichere
798 1738 109 39 Fälle
948 1754 67 24 aus
1047 1740 66 38 der
1141 1740 199 39 Literatur
1378 1741 285 38 hervorheben,
1705 1742 22 36 2
1757 1754 75 25 von

216 1791 196 39 Fischer
433 1793 79 37 und
535 1794 21 35 2
579 1806 76 24 von
675 1793 151 38 Zeiss:
861 1794 33 37 1.
921 1794 76 38 Ein
1019 1794 224 51 44jähriger
1262 1794 276 39 Arbeitsmann
1558 1808 130 25 wurde
1708 1795 38 37 in
1768 1795 67 37 der

218 1845 159 39 Charite'
407 1860 135 38 wegen
572 1846 355 52 Fussgeschwüren
958 1848 299 51 aufgenommen
1294 1850 79 37 und
1401 1849 158 50 geheilt.
1616 1849 55 37 Er
1700 1849 66 37 lag
1793 1848 40 38 in

219 1900 127 38 einem
361 1900 181 48 Zimmer,
574 1902 40 37 in
636 1902 88 37 dem
744 1902 176 38 mehrere
941 1902 403 50 Hospitalbrandfälle
1364 1903 302 50 vorgekommen
1685 1915 147 33 waren;

218 1969 92 24 man
338 1955 110 38 hatte
478 1955 69 38 ihn
577 1956 121 38 schon
726 1970 68 24 zur
822 1956 244 51 Entlassung
1095 1956 219 39 bestimmt,
1357 1957 56 37 als
1453 1957 69 37 auf
1555 1957 87 37 dem
1675 1958 157 36 rechten

217 2009 269 39 Handrücken
517 2009 85 39 eine
632 2010 283 38 schmerzhafte
935 2010 134 38 Pustel
1099 2012 192 37 entstand,
1320 2010 145 38 welche
1495 2024 81 25 sich
1595 2010 40 37 in
1654 2023 178 37 wenigen

218 2063 137 52 Tagen
394 2079 44 23 zu
480 2064 127 38 einem
637 2064 508 51 Silbergroschen-grossen
1174 2064 530 51 Hospitalbrandgeschwüre
1743 2077 86 24 um-

216 2119 195 38 wandelte
442 2119 79 38 und
551 2119 82 38 sich
663 2121 275 36 vergrösserte.
996 2117 72 40 Als
1099 2133 38 24 es
1167 2118 99 39 nach
1287 2119 24 36 4
1328 2118 174 38 Wochen
1523 2117 196 51 abgeheilt
1737 2131 92 32 war,

218 2174 183 37 entstand
431 2173 39 38 in
493 2174 67 37 der
580 2173 156 38 fünften
757 2173 150 38 Woche
929 2173 66 38 auf
1016 2174 87 37 dem
1124 2173 158 37 Rücken
1313 2173 65 37 der
1407 2173 167 37 anderen
1602 2171 116 38 Hand
1748 2171 84 38 eine

219 2230 100 35 etwa
340 2227 481 51 Silbergroschen-grosse
842 2227 133 38 Pustel
1005 2230 70 35 mit
1094 2226 346 39 röthlich-trübem
1459 2226 129 38 Inhalt
1607 2226 76 37 und
1707 2238 123 25 einem

216 2282 341 38 bläulich-rothen
587 2281 388 39 Entzündungshofe.
1044 2281 182 38 Dieselbe
1266 2295 80 23 war
1385 2280 146 51 mässig
1561 2278 268 45 empfindlich;

218 2336 68 38 der
315 2350 123 37 ganze
474 2336 264 39 Handrücken
778 2336 149 50 mässig
966 2335 273 52 geschwollen.
1312 2334 144 38 Weder
1496 2334 70 38 auf
1603 2334 66 37 der
1697 2332 133 38 Pustel

217 2390 99 38 noch
349 2391 71 38 auf
446 2391 68 38 der
544 2390 290 39 benachbarten
863 2389 109 39 Haut
1010 2389 90 39 Hess
1140 2389 81 38 sich
1261 2389 82 38 eine
1374 2387 456 49 Oberhauts-Trennung

218 2446 229 37 entdecken.
507 2443 112 40 Auch
649 2445 85 37 hier
764 2444 245 38 entwickelte
1040 2444 80 38 sich
1149 2443 197 50 typischer
1376 2442 315 39 Hospitalbrand.
1748 2440 82 38 Der

218 2500 142 37 andere
381 2499 87 38 Fall
488 2499 132 38 betraf
637 2498 84 39 eine
742 2498 201 39 Wärterin
965 2499 67 37 der
1052 2498 99 38 med.
1175 2497 161 39 Station,
1362 2496 145 39 welche
1526 2494 184 51 plötzlich
1730 2507 99 37 ganz

217 2556 168 48 spontan
416 2568 63 23 am
500 2553 179 38 Daumen
710 2566 84 25 eine
824 2552 284 39 schmerzhafte
1129 2552 131 38 Pustel
1289 2551 152 38 bekam,
1472 2549 144 39 welche
1646 2548 81 38 sich
1750 2560 76 25 als-

216 2608 91 38 bald
338 2608 39 38 in
409 2608 60 38 ein
490 2606 544 39 Hospitalbrand-Geschwür
1063 2605 269 39 umwandelte.
1392 2603 193 39 Patientin
1614 2602 105 39 stellt
1744 2614 83 25 eine

216 2664 139 37 wunde
388 2661 120 40 Stelle
538 2675 70 25 vor
638 2662 86 37 dem
753 2659 209 40 Auftreten
994 2661 66 37 der
1089 2660 132 38 Pustel
1259 2662 71 35 mit
1357 2657 289 39 Bestimmtheit
1674 2656 38 37 in
1742 2654 83 39 Ab-

216 2718 104 37 rede.
353 2718 35 37 3.
407 2716 106 39 Fall:
535 2715 129 40 Zeiss
680 2715 255 39 beobachtete
951 2714 62 39 bei
1035 2714 125 39 einem
1181 2712 230 51 26jährigen
1433 2708 391 46 Schneidergesellen,

215 2771 170 39 welcher
432 2784 136 38 wegen
616 2769 388 50 Fussverstauchung
1052 2781 299 25 aufgenommen
1396 2766 156 38 worden
1591 2778 95 31 war,
1727 2761 100 38 nach

215 2826 181 51 wenigen
428 2825 135 38 Tagen
606 2837 138 25 aussen
785 2837 62 24 am
887 2822 132 38 linken
1051 2820 289 40 Oberschenkel
1383 2820 83 38 eine
1508 2832 116 25 etwas
1658 2816 166 50 blutiges

217 2878 136 40 Serum
385 2879 250 40 enthaltende
656 2878 128 39 Blase,
815 2876 156 39 ähnlich
999 2876 105 39 einer
1124 2873 359 52 Pemphigusblase.
1528 2872 126 39 Zeiss
1683 2870 142 38 öffnete

217 2933 76 39 sie;
326 2934 60 38 die
407 2933 108 39 Cutis
536 2947 81 24 war
638 2931 247 40 dunkelblau,
917 2930 119 39 schon
1056 2929 228 39 mortificirt.
1342 2928 74 38 Mit
1436 2922 390 43 ausserordentlicher
