2113 3404
412 327 85 42 468
669 341 86 30 THE
788 339 276 34 PHYSIOLOGY
1097 341 53 33 OF
1181 342 85 32 THE
1298 343 476 33 LARYNX.—APPENDIX.

415 451 63 37 the
496 453 170 49 shutting
684 456 39 36 of
737 456 63 36 the
818 456 128 47 glottis
966 457 8 36 I
1025 458 21 19 "
1061 457 59 35 No
1139 457 146 45 doubt,"
1305 470 39 24 us
1357 458 176 36 Czermak
1560 457 171 37 remarks,
1760 457 20 22 "
1795 457 100 37 these
1913 457 115 37 three-

414 508 78 36 iold
510 522 233 26 occurrences
760 512 41 36 in
818 513 64 36 the
900 512 176 39 hermetic
1102 513 139 37 closure
1267 514 39 36 of
1334 514 63 36 the
1422 514 132 47 larynx
1579 514 147 36 explain
1751 513 63 36 the
1839 519 192 31 resistance

419 563 120 38 which
558 567 63 37 the
637 568 127 48 glottis
783 569 240 48 successfully
1041 581 152 36 opposes
1210 574 37 32 to
1266 570 64 36 the
1355 582 166 36 pressure
1549 570 40 35 of
1614 570 64 35 the
1706 581 55 24 air
1787 568 157 39 without
1969 570 63 36 the

417 619 262 52 development
697 626 40 35 of
751 627 110 35 much
881 626 96 36 force
995 626 135 36 during
1148 626 62 36 the
1229 626 140 36 effort."
1420 627 76 35 But
1514 626 97 36 what
1635 626 31 35 is
1683 625 63 37 the
1763 630 103 32 exact
1883 626 149 47 import-

416 688 90 26 ance
520 680 39 35 of
574 681 63 36 the
650 682 91 36 false
758 683 74 35 and
850 682 40 36 of
901 682 62 36 the
981 686 82 32 true
1081 682 103 36 vocal
1202 683 265 35 cords,—what
1480 683 31 35 is
1525 682 62 36 the
1601 682 264 48 physiological
1878 694 155 36 purpose

417 734 40 36 of
471 736 64 36 the
553 739 198 35 ventricles
768 739 40 36 of
823 739 192 47 Morgagni
1032 739 13 36 1
1094 738 119 36 These
1229 751 60 23 are
1308 738 183 48 problems
1508 738 122 36 which
1647 739 139 35 remain
1807 750 185 24 unsolved.

965 837 78 25 View
1056 836 32 26 of
1099 835 50 29 the
1163 836 110 26 Glottis
1287 837 73 25 from
1378 835 118 28 behind.

425 2864 35 26 A,
473 2863 75 26 True
562 2860 83 27 vocal
658 2859 78 27 cord.
776 2858 34 28 B,
832 2856 83 27 Falso
929 2855 83 27 vocal
1032 2854 78 27 cord.
1150 2853 31 33 C,
1203 2850 228 35 Wedge-shaped
1445 2856 85 27 space
1549 2848 93 27 below
1655 2848 65 26 true
1739 2845 94 28 cords.
1871 2844 35 34 D,
1926 2841 116 33 Wedge-

517 2904 112 34 shaped
642 2909 87 20 space
741 2907 94 20 above
849 2899 71 26 false
934 2897 94 28 cords.
1067 2897 34 28 B,
1121 2895 147 27 Ventricle
1282 2895 33 26 of
1325 2893 158 34 Morgagni.
1521 2892 31 33 F,
1568 2891 54 26 Ala
1635 2891 33 26 of
1678 2888 119 34 thyroid
1810 2886 145 33 cartilage.

476 2998 78 36 The
573 2995 183 38 difficulty
774 2994 39 35 in
831 2991 172 38 deciding
1027 2989 103 37 these
1155 2988 188 48 questions
1371 2986 78 45 has,
1475 2985 31 36 it
1533 2995 150 37 appears
1709 2986 36 32 to
1773 2993 68 33 me,
1860 2979 117 36 arisen
2002 2989 40 22 in

426 3067 100 25 some
542 3064 167 26 measure
728 3051 93 35 from
848 3062 48 23 an
921 3045 222 39 anatomical
1168 3055 298 25 misconception.
1519 3041 79 36 The
1621 3038 103 37 vocal
1749 3037 103 37 cords
1876 3047 59 24 are
1959 3045 82 24 con-

423 3111 143 36 sidered
584 3110 49 46 by
653 3120 111 24 many
778 3120 39 23 as
836 3106 62 36 the
916 3105 74 36 free
1005 3115 106 25 edges
1130 3101 39 37 of
1185 3112 228 25 membranes
1428 3098 121 36 which
1563 3109 59 24 are
1636 3091 172 41 flattened
1825 3091 89 37 both
1927 3101 115 25 above
