2411 3372
159 153 75 47 im
265 150 151 51 Falle
451 152 96 49 der
581 152 357 48 dominanten
970 145 343 65 Vererbung,
1346 148 100 48 wie
1481 148 76 48 sie
1593 147 87 49 die
1715 146 196 65 gelben
1944 150 111 50 und
2087 156 206 59 grünen

158 223 210 50 Erbsen
401 225 113 49 und
554 223 87 50 die
678 222 304 49 schwarzen
1015 219 115 51 und
1168 219 214 50 weißen
1416 217 529 52 Meerschweinchen
1983 223 311 63 aufweisen,

160 295 200 52 besitzt
392 296 95 50 der
518 295 284 63 Mischling
835 295 183 47 zwei
1048 291 270 64 Anlagen,
1349 310 109 31 von
1491 291 181 50 denen
1705 294 121 47 eine
1862 291 132 52 aber
2023 294 269 55 erheblich

160 368 230 62 größere
430 366 167 51 Kraft
638 387 96 29 zur
772 365 330 64 Entfaltung
1142 363 200 51 besitzt
1387 364 75 50 als
1506 363 88 51 die
1639 363 202 51 andere
1882 364 112 50 und
2036 368 105 49 sich
2182 369 111 51 des¬

160 441 128 50 halb
329 441 165 49 allein
533 440 324 50 durchsetzt.

232 523 162 51 Diese
439 522 387 63 Feststellung,
872 541 66 29 zu
986 520 95 50 der
1130 519 85 51 die
1262 519 200 51 beiden
1511 519 422 50 Naturfreunde
1979 521 164 52 Peter
2188 525 108 49 und

161 595 206 50 Martin
417 597 98 48 mit
565 595 107 49 viel
723 593 185 60 Glück,
960 595 207 62 einiger
1216 591 475 64 Forschergeduld
1741 592 113 49 und
1904 593 144 51 nicht
2098 595 198 51 zuletzt

164 667 145 50 dank
353 668 150 50 ihrer
548 666 514 50 Aufmerksamkeit
1108 669 56 46 in
1213 665 95 50 der
1355 663 575 52 Mathematikstunde
1978 665 317 64 gekommen

162 760 201 40 waren,
391 742 70 48 ist
493 740 255 59 dieselbe,
781 740 84 49 die
898 739 129 49 auch
1059 737 212 64 Gregor
1301 737 223 49 Mendel
1554 756 101 30 vor
1684 737 111 50 fast
1826 736 241 52 hundert
2097 739 198 55 Jahren

164 811 273 65 getroffen
482 812 112 50 und
638 815 55 46 in
739 814 187 48 seinen
973 810 343 50 zahlreichen
1361 808 318 51 Versuchen
1726 808 267 65 gesichert
2038 810 113 51 hat:
2199 811 99 51 Die

165 884 372 65 Aufspaltung
579 885 95 49 der
717 883 503 64 Enkelgeneration
1260 885 71 48 ist
1371 902 106 29 nur
1517 902 67 29 zu
1625 881 316 59 verstehen,
1980 902 158 30 wenn
2178 903 121 33 man

166 960 283 57 annimmt,
504 958 103 49 daß
661 958 91 48 für
805 956 124 63 jede
985 953 276 53 äußerlich
1316 953 238 52 sichtbar
1606 953 296 51 werdende
1957 954 343 64 Eigenschaft

167 1042 132 39 stets
345 1032 132 47 zwei
523 1029 247 64 Anlagen
816 1027 322 51 vorhanden
1186 1028 137 59 sind,
1373 1027 85 50 die
1504 1026 148 50 beim
1699 1025 239 51 Werden
1989 1026 91 51 des
2126 1047 174 30 neuen

168 1101 220 52 Wesens
423 1122 106 29 von
561 1102 170 49 Vater
764 1101 113 50 und
908 1101 211 49 Mutter
1153 1099 98 51 her
1287 1099 105 51 sich
1427 1098 508 50 zusammenfinden
1968 1099 112 49 und
2111 1101 55 47 in
2202 1099 99 50 den

172 1174 298 63 folgenden
531 1174 411 50 Generationen
1003 1173 131 49 nach
1198 1172 104 50 den
1363 1171 274 51 Gesetzen
1700 1170 96 50 der
1856 1170 444 51 Kombinations¬

169 1247 272 64 rechnung
484 1247 203 49 wieder
732 1245 401 64 „aufspalten".
1180 1245 105 50 Um
1330 1244 107 51 sich
1481 1242 90 52 bei
1617 1243 96 50 der
1759 1242 406 65 Besdireibung
2210 1243 93 50 der

168 1319 272 51 Versuche
467 1319 84 50 die
575 1319 166 50 Mühe
769 1319 95 50 der
889 1318 249 50 reichlich
1163 1317 371 64 langatmigen
1558 1313 745 66 Merkmalsbezeichnungen

169 1411 65 31 zu
269 1411 278 44 ersparen,
582 1392 88 50 bei
707 1392 176 49 denen
918 1411 124 29 man
1078 1390 195 51 zudem
1308 1394 195 47 immer
1538 1392 135 49 noch
1709 1391 358 51 hinzusetzen
2101 1393 203 59 müßte,

171 1465 67 49 ob
277 1466 75 48 sie
390 1464 282 49 dominant
710 1463 131 50 oder
879 1465 238 48 rezessiv
1153 1463 138 60 sind,
1328 1463 95 50 hat
1458 1463 225 51 Mendel
1720 1463 87 51 die
1844 1462 211 66 Anlage
2092 1465 92 50 für
2220 1467 85 48 ein

170 1535 339 52 bestimmtes
545 1536 271 50 Merkmal
852 1536 211 49 einfach
1097 1537 100 49 mit
1232 1538 180 48 einem
1446 1535 348 51 Buchstaben
1829 1535 335 62 bezeichnet,
2198 1536 109 51 und

170 1627 141 31 zwar
377 1608 537 50 selbstverständlich
982 1608 85 50 die
1134 1609 265 49 einander
1466 1608 474 63 entsprechenden
2005 1607 302 52 Merkmale

173 1680 329 64 (Weiß-Rot,
554 1680 443 61 Weiß-Schwarz,
1047 1679 341 65 Gelb-Grün)
1440 1683 100 47 mit
1592 1679 301 52 denselben
1942 1679 363 61 Buchstaben;

175 1773 57 30 er
281 1753 94 50 hat
426 1756 75 48 sie
553 1753 130 50 aber
734 1753 236 50 dadurch
1020 1753 440 59 unterschieden,
1512 1753 104 50 daß
1669 1773 58 30 er
1780 1753 124 50 dem
1955 1753 350 51 dominanten

174 1822 270 53 Merkmal
488 1826 103 50 den
635 1826 207 64 großen
885 1825 344 51 Buchstaben
1274 1825 120 65 gab,
1436 1827 93 48 für
1575 1826 92 50 das
1715 1827 271 49 rezessive
2033 1825 130 51 aber
2208 1826 101 49 den

175 1897 220 50 kleinen
426 1898 214 50 wählte.
674 1897 98 50 Bei
807 1898 95 50 der
934 1898 297 64 Kreuzung
1264 1918 108 30 von
1405 1898 307 50 schwarzen
1746 1898 114 50 und
1891 1898 213 50 weißen
2136 1897 171 51 Meer¬

176 1970 363 50 schweinchen
580 1970 157 50 käme
782 1971 110 49 also
935 1991 106 29 von
1085 1970 122 50 dem
1250 1973 160 48 einen
1454 1971 96 49 der
1593 1971 340 49 Elterntiere
1977 1970 86 50 die
2104 1970 205 63 Anlage

177 2041 240 51 Schwarz
448 2073 71 5 —
550 2061 218 31 nennen
800 2045 98 48 wir
933 2045 75 48 sie
1044 2041 116 59 „A"
1197 2043 98 64 (als
1334 2043 285 50 dominant
1655 2042 538 65 großgeschrieben!)
2228 2071 83 29 —,

177 2135 124 30 vom
331 2115 239 49 anderen
601 2116 85 49 die
715 2114 207 65 Anlage
951 2115 155 50 Weiß
1132 2145 72 5 —
1228 2116 302 50 wiederum
1560 2118 99 47 mit
1690 2115 99 58 „a"
1818 2114 335 60 bezeichnet,
2184 2113 127 51 aber

179 2186 518 64 kleingeschrieben,
735 2189 121 48 weil
893 2191 97 46 wir
1027 2190 53 60 ja
1116 2189 213 60 wissen,
1369 2188 104 50 daß
1515 2188 147 50 diese
1692 2180 221 70 l^nlage
1954 2189 236 48 rezessiv
2226 2188 83 47 ist.

178 2259 81 50 Da
307 2260 296 50 außerdem
648 2272 411 52 vorausgesetzt
1104 2260 206 61 wurde,
1358 2260 104 50 daß
1509 2260 125 63 jede
1683 2259 237 51 erbliche
1968 2258 344 64 Eigenschaft

183 2331 224 64 doppelt
457 2332 321 50 vorhanden
826 2335 87 57 ist,
962 2336 218 47 müssen
1232 2333 85 51 die
1367 2333 202 52 beiden
1619 2332 340 51 Elterntiere
2012 2331 85 50 die
2149 2329 162 59 „Erb¬

181 2405 233 49 formel"
454 2403 98 50 AA
590 2405 111 49 und
740 2425 61 29 aa
839 2405 262 59 besitzen,
1141 2405 95 50 der
1273 2406 413 64 F-l-Mischling
1726 2404 132 51 aber
1898 2403 98 51 Aa.
2038 2402 152 51 Wird
2229 2404 83 47 ein

183 2476 205 50 solcher
438 2476 407 65 F-l-Mischling
897 2481 98 46 mit
1048 2480 177 47 einem
1275 2478 411 64 F-l-Mischling
1742 2477 96 50 der
1892 2475 241 65 gleichen
2184 2473 127 50 Erb¬

183 2549 199 49 formel
419 2549 279 64 gekreuzt,
735 2569 56 30 so
829 2562 235 38 trennen
1101 2550 104 51 sich
1245 2551 85 50 die
1368 2550 251 64 Anlagen
1656 2549 48 51 A
1741 2549 114 51 und
1894 2569 27 29 a
1958 2548 113 50 und
2107 2547 207 50 ordnen

184 2622 105 49 sich
330 2621 88 50 bei
460 2621 103 50 den
605 2621 406 51 Nachkommen
1049 2652 71 6 —
1157 2626 101 48 wie
1302 2623 86 50 die
1430 2623 219 64 Kugeln
1690 2625 57 47 in
1791 2622 97 50 der
1929 2617 385 54 Mathematik¬

185 2693 194 50 stunde
424 2724 71 5 —
538 2695 131 49 nach
718 2694 103 50 den
869 2694 268 51 Gesetzen
1186 2695 96 51 der
1329 2694 729 63 Kombiдationsrechnung,
2104 2711 107 31 was
2260 2709 55 31 so

187 2765 258 51 aussieht:

1030 2845 98 51 AA

1031 2930 80 51 aA

259 3071 112 53 Wir
417 3072 177 52 haben
641 3074 110 51 also
797 3075 202 51 wieder
1047 3076 267 53 dasselbe:
1362 3079 61 50 In
1471 3079 95 52 der
1612 3082 232 52 zweiten
1891 3078 427 54 Nachkommen-

1386 2848 81 51 Aa

1405 2954 62 30 aa

1219 3225 64 54 16
