2113 3404
842 207 86 29 THE
961 207 243 31 DlSOKDEKS
1237 209 53 31 OF
1322 211 173 30 SPEKCH.

338 321 178 56 causing
540 323 361 44 word-blindness
924 326 84 42 and
1031 327 216 55 agraphia,
1270 327 99 43 does
1393 332 76 38 not
1491 329 88 42 also
1609 343 127 29 cause
1767 330 194 42 hemian-

338 391 120 55 opsia
491 392 33 41 if
556 392 73 42 the
661 393 135 42 lesion
831 395 35 41 is
899 395 168 42 limited
1104 404 42 34 to
1189 397 73 41 the
1303 410 95 42 grey
1444 404 182 36 matter;
1670 399 78 41 but
1790 400 97 41 that
1931 401 35 40 if

339 463 73 42 the
454 463 138 43 lesion
634 472 245 48 penetrates
921 467 154 55 deeply
1112 468 92 42 into
1248 470 70 40 the
1361 470 226 53 subjacent
1632 471 130 41 white
1806 476 159 36 matter

339 532 84 42 and
461 538 95 36 cuts
590 548 140 28 across
765 535 72 42 the
873 536 231 42 Radiation
1142 538 45 40 of
1227 538 212 42 Gratiolet
1481 539 35 41 it
1559 539 101 42 does
1704 540 90 41 also
1837 554 126 27 cause

338 602 306 56 hemianopsia.
710 605 76 54 (3.)
807 606 112 42 That
936 621 23 26 a
976 607 135 41 lesion
1130 607 45 41 in
1198 608 74 42 the
1294 609 191 53 primary
1506 609 138 41 visual
1662 619 146 33 centre
1829 611 40 40 in
1887 610 73 42 the

338 673 80 43 left
440 675 200 54 occipital
662 675 96 42 lobe
781 690 148 28 causes
954 677 114 54 right
1090 677 313 55 homonymous
1431 679 307 55 hemianopsia,
1760 680 79 41 but
1862 681 101 41 does

339 749 78 37 not
437 745 153 41 render
613 746 72 41 the
708 747 167 53 patient
906 747 269 50 word-blind,
1194 748 178 41 because
1396 748 72 41 the
1490 747 150 57 higher
1662 754 141 37 centre
1825 755 45 36 at
1892 751 71 41 the

340 815 180 56 angular
554 816 275 41 convolution
854 817 37 41 is
913 817 90 41 still
1027 817 44 40 in
1096 818 237 41 connexion
1364 818 102 41 with
1500 818 73 42 the
1604 820 189 53 primary
1826 834 138 27 visual

341 890 145 38 centre
520 886 44 41 in
588 886 73 41 the
683 886 116 54 right
820 887 196 41 occipital
1042 887 106 41 lobe.
1212 887 74 52 (4.)
1321 887 110 41 That
1453 902 24 26 a
1498 887 135 42 lesion
1661 889 43 40 in
1729 889 73 41 the
1834 890 129 41 white

341 961 160 36 matter
523 956 44 41 of
590 955 72 42 the
685 956 200 54 occipital
907 956 96 42 lobe
1026 970 45 27 so
1094 957 186 41 situated
1304 971 45 27 as
1372 961 43 37 to
1447 962 74 36 cut
1553 972 139 28 across
1725 959 71 41 the
1838 959 125 42 fibres

341 1027 176 55 passing
551 1027 204 41 forwards
798 1027 105 40 from
939 1026 103 42 both
1087 1026 197 42 occipital
1323 1026 118 42 lobes
1484 1032 42 36 to
1563 1027 73 42 the
1671 1028 80 42 left
1787 1029 178 55 angular

342 1097 279 41 convolution
653 1097 174 42 renders
856 1097 74 41 the
953 1097 168 54 patient
1145 1097 258 41 word-blind
1428 1098 80 41 but
1532 1103 76 36 not
1632 1099 209 55 agraphia
1904 1100 60 41 As

343 1168 105 42 such
483 1183 23 26 a
537 1168 135 42 lesion
711 1168 257 41 necessarily
990 1167 196 42 involves
1210 1181 88 27 also
1323 1167 71 42 the
1421 1168 227 41 Radiation
1673 1170 46 40 of
1745 1169 219 51 Gratiolet,

343 1240 75 40 the
440 1243 169 51 patient
629 1238 77 42 has
730 1244 44 35 at
795 1238 74 41 the
892 1252 116 27 same
1031 1238 104 41 time
1157 1237 117 55 right
1295 1238 317 55 homonymous
1635 1239 301 42 hemianopsia.

403 1309 136 42 There
562 1323 70 27 are
655 1309 101 41 thus
779 1309 43 40 in
847 1309 185 54 practice
1055 1312 84 37 two
1161 1308 156 42 classes
1341 1309 45 40 of
1405 1322 117 28 cases
1545 1309 44 40 of
1607 1308 357 43 word-blindness

343 1385 44 37 to
419 1381 52 41 be
504 1385 89 37 met
626 1379 260 55 with,—(1.)
922 1379 89 41 The
1044 1393 116 27 cases
1192 1379 44 40 in
1270 1379 139 41 which
1445 1379 71 41 the
1548 1379 169 54 patient
1747 1379 36 41 is
1815 1383 44 37 at
1890 1380 72 41 the

344 1466 117 28 same
493 1451 105 42 time
631 1450 226 56 agraphic;
889 1450 105 41 such
1029 1463 115 28 cases
1175 1449 130 42 being
1336 1449 82 41 due
1451 1453 43 37 to
1527 1450 264 40 destruction
1824 1450 47 40 of
1890 1450 73 41 the

345 1536 146 28 centre
510 1521 32 41 C
617 1520 79 55 (2.)
730 1520 89 41 The
841 1533 117 28 cases
980 1519 43 41 in
1050 1519 139 41 which
1212 1519 73 41 the
1307 1519 178 54 patient,
1503 1518 162 55 though
1691 1519 271 50 word-blind,

343 1594 37 41 is
415 1598 76 36 not
523 1591 225 56 agraphic;
789 1590 104 42 such
927 1603 116 28 cases
1076 1590 128 41 being
1235 1589 82 42 due
1351 1593 41 37 to
1425 1602 24 27 a
1480 1588 132 42 lesion
1647 1587 46 42 in
1725 1589 73 40 the
1831 1589 130 40 white

347 1668 156 37 matter
525 1663 45 41 of
589 1662 73 41 the
685 1661 199 55 occipital
906 1660 109 41 lobe,
1032 1660 138 41 which
1196 1659 76 41 has
1295 1659 172 41 severed
1499 1659 73 41 the
1603 1658 127 42 fibres
1762 1664 198 36 connect-

345 1735 75 42 ing
442 1734 74 42 the
539 1747 144 28 centre
708 1733 32 41 C
765 1736 104 37 with
894 1731 103 41 both
1027 1731 43 41 of
1102 1730 73 41 the
1207 1743 191 42 primary
1428 1729 138 41 visual
1601 1742 180 36 centres,
1812 1729 46 41 in
1890 1730 72 40 the

348 1812 83 35 two
455 1803 305 56 hemispheres.

406 1877 44 41 It
471 1877 36 41 is
530 1873 233 57 especially
797 1878 42 36 to
872 1873 73 40 the
978 1875 146 38 recent
1157 1871 114 40 work
1305 1870 43 40 of
1382 1875 82 36 two
1497 1870 233 49 observers,
1762 1869 200 54 Dejerine

348 1948 84 42 and
457 1945 189 43 Se'rieux,
669 1944 96 41 that
787 1957 63 27 we
873 1956 89 27 owe
986 1941 86 42 this
1095 1941 114 41 clear
1231 1939 252 42 distinction
1505 1939 193 42 between
1731 1939 118 41 these
1881 1944 83 35 two

346 2033 157 29 classes
526 2018 42 40 of
591 2029 116 29 cases
730 2015 46 41 of
796 2013 372 42 word-blindness.
1229 2011 119 54 They
1371 2010 109 41 have
1507 2014 79 50 put
1618 2023 114 41 upon
1765 2009 142 42 record
1940 2023 24 27 a

346 2105 131 29 series
515 2089 45 41 of
594 2100 117 29 cases
749 2100 45 27 so
833 2088 211 38 complete
1076 2083 83 41 and
1193 2081 258 55 convincing
1482 2081 95 40 that
1610 2080 71 41 the
1713 2080 247 41 distinction

347 2163 195 41 between
565 2158 73 42 the
661 2163 84 36 two
768 2170 156 28 classes
947 2155 45 41 of
1015 2167 116 29 cases
1164 2167 96 27 may
1295 2153 51 40 be
1378 2151 204 55 regarded
1615 2164 44 28 as
1691 2149 269 43 established.

348 2235 53 40 In
424 2230 202 55 bringing
648 2229 120 41 these
792 2240 93 27 new
903 2238 293 29 observations
1219 2222 135 42 under
1376 2222 74 41 the
1473 2221 141 42 notice
1636 2221 42 40 of
1701 2221 72 41 the
1802 2220 159 55 reader,

347 2305 23 40 I
408 2306 159 38 cannot
600 2299 54 41 do
685 2299 140 40 better
858 2296 103 41 than
1000 2295 136 41 insert
1174 2294 98 40 here
1310 2292 73 41 the
1422 2292 188 55 diagram
1649 2290 225 55 employed
1907 2289 56 55 by

348 2373 205 43 Dejerine
578 2375 42 36 to
642 2369 216 41 illustrate
881 2366 74 41 the
978 2377 239 29 connexion
1242 2362 45 40 of
1306 2362 72 40 the
1400 2375 99 41 eyes
1531 2360 105 41 with
1669 2360 72 41 the
1774 2373 186 41 primary

348 2443 138 43 visual
511 2455 179 34 centres,
722 2438 97 51 and,
851 2435 184 55 through
1071 2434 129 41 them,
1233 2441 102 31 with
1371 2431 71 41 the
1475 2431 150 55 higher
1657 2430 137 40 visual
1828 2430 134 39 word-

349 2528 147 29 centre
519 2512 44 42 C.

406 2585 73 42 An
503 2593 290 32 examination
819 2578 42 41 of
884 2576 86 42 this
994 2575 188 55 diagram
1206 2573 109 55 (Fig.
1339 2572 45 55 8)
1411 2570 87 42 will
1531 2570 150 42 enable
1714 2570 72 41 the
1819 2569 145 42 reader

349 2663 44 36 to
415 2652 266 45 understand
705 2655 119 51 quite
847 2647 136 43 easily
1006 2646 72 41 the
1102 2649 179 37 relation
1305 2643 42 40 of
1370 2643 72 41 the
1465 2656 98 41 eyes
1594 2646 42 37 to
1671 2642 71 41 the
1774 2654 187 42 primary

348 2725 141 44 visual
511 2737 145 29 centre
681 2721 45 41 in
749 2720 72 41 the
844 2716 198 43 occipital
1065 2715 105 41 lobe.
1239 2714 49 40 In
1310 2713 74 41 the
1407 2712 202 53 diagram,
1635 2710 72 42 the
1739 2710 80 41 left
1849 2709 114 55 optic

348 2802 111 40 tract
481 2795 85 43 and
587 2794 58 41 its
667 2790 263 43 connexions
954 2801 79 27 are,
1059 2786 62 41 for
1144 2785 72 41 the
1239 2783 101 41 sake
1362 2783 46 40 of
1436 2781 290 49 distinctness,
1757 2780 124 55 given
1916 2780 42 39 in

348 2870 107 41 deep
478 2865 136 42 black.
677 2863 89 41 The
788 2873 150 29 reader
962 2857 100 41 will,
1084 2870 53 26 on
1165 2853 174 54 looking
1370 2857 44 36 at
1447 2851 70 43 the
1551 2850 200 57 diagram,
1783 2853 44 39 at
1859 2863 103 27 once

350 2935 265 46 understand
642 2934 93 40 how
759 2930 158 43 section
944 2929 45 40 of
1009 2926 71 41 the
1103 2925 79 41 left
1204 2923 115 55 optic
1342 2927 122 44 tract,
1490 2922 31 39 B
1538 2920 47 50 0,
1611 2919 138 41 would
1780 2932 183 41 produce

352 3012 314 54 homonymous
702 2999 297 48 hemianopsia
1037 2997 44 42 in
1120 2996 71 40 the
1228 2998 193 53 opposite
1459 2991 90 45 half
1587 2992 42 40 of
1667 2991 72 42 the
1782 2989 95 41 field
1923 2988 40 44 of
